3412 5100
648 521 651 528 .
691 482 874 562 TERENTI
903 481 1104 537 PHORMIO.

501 987 758 1052 Nnvs1snnnm
847 984 1027 1051 Cnnnnns
1126 985 1304 1048 Dnnnno

565 1117 685 1160 MVLIER
899 1116 993 1158 SENES
1205 1115 1230 1155 11

1026 1288 1093 1356 CH.
1117 1289 1235 1364 Ehem,
1252 1289 1434 1373 Demipho,

444 1396 515 1459 Iam
554 1394 602 1460 illi
642 1396 790 1460 datumst
829 1396 1026 1478 argentum?
1087 1395 1153 1459 DE.
1193 1393 1317 1458 Curaui
1348 1392 1434 1457 ilico.

509 1499 576 1564 CH.
601 1500 734 1564 Nollem
751 1500 877 1563 datum.

443 1603 495 1679 Ei,
531 1602 631 1668 uideo
668 1624 828 1667 uxorem:
871 1603 977 1686 padne
1015 1603 1091 1686 plus
1129 1622 1230 1685 quam
1268 1598 1320 1666 sat
1357 1609 1434 1664 erat.

510 1708 577 1773 DE.
603 1707 699 1789 Quor
714 1707 829 1782 nolles,
847 1707 1030 1772 Chremes?

358 1810 425 1875 CH.
445 1811 516 1875 Iam
541 1811 640 1875 rdcte.
665 1812 731 1874 DE.
757 1811 849 1893 Quid
870 1817 928 1875 tu?
951 1809 1074 1894 ecquid
1093 1808 1235 1874 locutu’s
1257 1829 1335 1873 cum
1354 1807 1435 1872 istac
1495 1829 1524 1881 15

511 1935 612 1998 quam
629 1915 674 1978 ob
690 1935 760 1979 rem
777 1915 864 1979 hanc
880 1912 1056 1979 ducimus?

359 2017 426 2082 (ΖΗ.
445 2019 617 2101 Transdgi.
649 2019 715 2083 DE.
745 2017 836 2101 Quid
860 2029 906 2084 att
933 2017 1092 2083 tindem?
1124 2016 1190 2081 CH.
1218 2016 1354 2081 Abduci
1371 2014 1436 2079 ndn

511 2131 632 2206 potest.
678 2123 744 2188 DE.
770 2121 837 2204 Qui
855 2120 919 2186 ndn
936 2129 1070 2206 potest?

272 2225 335 2289 800
359 2224 426 2290 CH.
452 2224 541 2308 Quia
578 2225 718 2309 uterque
757 2227 920 2310 utriquest
958 2224 1058 2291 cdrdi.
1114 2226 1181 2290 DE.
1223 2223 1314 2306 Quid
1352 2225 1435 2288 istuc

512 2328 644 2393 ndstra?
668 2329 735 2394 (ΖΗ.
761 2330 886 2412 Magni.
932 2329 1128 2413 praeterhac

444 2431 633 2516 Cognatam
655 2433 804 2516 comperi
826 2434 899 2497 esse
924 2433 1031 2497 nobis.
1076 2435 1143 2496 DE.
1169 2432 1281 2516 Quid?
1305 2433 1434 2497 deliras.

512 2537 579 2603 CH.
605 2535 661 2601 Sic
677 2538 748 2602 erit.

445 2642 524 2706 Non
559 2641 684 2706 temere
726 2641 820 2705 dico:
863 2641 944 2706 redii
987 2661 1119 2706 mecum
1156 2642 1189 2705 in
1229 2642 1435 2707 mtmoriam.

510 2746 577 2810 DE.
603 2745 696 2810 Satin
712 2742 812 2809 sinus
829 2750 885 2810 es?

359 2847 425 2914 Nn
445 2848 513 2924 Au,
529 2848 681 2924 dbsecro,
698 2849 775 2911 uide
797 2869 838 2911 ne
862 2847 895 2912 in
914 2859 1093 2932 cognatam
1115 2850 1244 2934 ptcces.
1268 2851 1335 2916 DE.
1359 2850 1435 2915 Non
1494 2874 1507 2907 2

512 2962 570 3018 est.
618 2952 684 3018 CH.
708 2952 760 3016 Νέ
776 2973 879 3035 nega:

447 3057 551 3121 Patris
577 3054 698 3138 ndmen
723 3055 813 3120 aliud
840 3054 1016 3122 dictumst:
1044 3057 1110 3123 hoc
1134 3068 1170 3123 tu
1198 3056 1324 3123 errasti.
1371 3058 1437 3121 DE.

510 3160 588 3224 Non
605 3157 701 3224 norit
717 3167 868 3243 patrem?

273 3267 335 3331 805
359 3266 424 3333 CH.
450 3262 566 3328 Norat.
612 3264 676 3327 DE.
707 3262 804 3345 Quor
826 3264 916 3328 aliud
941 3263 1048 3330 dixit?
1093 3266 1158 3332 CH.
1199 3265 1437 3351 Numquamne

513 3365 612 3431 hddie
629 3368 794 3432 concedes
812 3369 893 3432 mihi
1338 3439 1340 3443 ,

449 3473 570 3556 Neque
606 3471 800 3554 intelleges?
860 3473 926 3537 DE.
966 3472 1002 3538 Si
1033 3470 1068 3538 tt
1099 3474 1145 3538 nii
1177 3480 1323 3539 narrasiae
1373 3473 1437 3538 CH.

513 3575 634 3639 Perdis.
680 3574 747 3639 NA.
773 3575 879 3639 Miror
895 3573 976 3659 quid
992 3576 1063 3640 siet.

298 3739 301 3744 .
361 3680 427 3744 DE.
448 3679 617 3762 Equidem
641 3679 752 3742 hdrcle
776 3679 897 3744 nescid.
944 3679 1009 3745 CH.
1041 3680 1107 3744 Vin
1130 3681 1237 3746 scire?
1260 3690 1294 3745 at
1317 3679 1363 3746 ita
1386 3701 1439 3745 me

335 3854 340 3861 ,
512 3793 623 3847 seruet
639 3780 800 3866 Iuppiter,

447 3883 497 3950 Vt
527 3884 664 3971 prdpior
687 3887 743 3962 illi,
768 3885 868 3971 quam
893 3909 1055 3971 egosum
1079 3898 1186 3965 actu,
1215 3885 1354 3976 [homo]
1383 3889 1438 3953 nd·
1499 3916 1511 3949 2

514 4001 612 4054 most.
658 3992 724 4055 DE.
750 3990 794 4055 Di
812 3989 959 4055 uostraim
976 3992 1087 4066 fidem,

450 4091 576 4158 Eimus
607 4097 649 4159 ad
680 4095 805 4178 ipsam:
848 4117 915 4159 una
944 4094 1052 4160 dmnis
1083 4117 1145 4160 nos
1176 4106 1234 4162 aut
1264 4096 1349 4162 scire
1383 4106 1440 4162 aut

515 4197 826 4264 nescirehdcu010.
873 4198 940 4265 CH.
965 4200 1034 4266 Ah.
