3412 5100
672 381 857 435 TERENTI
886 382 1087 438 PHORMIO.

429 570 521 654 Quid
552 569 630 636 siet?
690 570 752 636 GE.
791 573 869 636 Non
907 574 996 636 enim
1036 571 1146 637 dilect.
1207 574 1276 638 AN.
1316 576 1415 639 Noui.

493 675 640 739 ceterum

428 779 542 863 Quom
558 780 733 862 argentum
751 790 912 864 repetent,
930 777 1042 845 ndstra
1059 802 1160 845 causa
1175 780 1301 846 scilicet

427 886 466 948 In
483 886 622 948 neruum
639 883 750 966 potius
767 881 836 948 ibit.
882 883 943 947 GE.
967 885 1023 948 Nil
1040 895 1099 959 est,
1117 872 1281 969 Antipho,
1475 903 1503 957 15

427 988 518 1072 Quin
535 986 620 1052 mile
637 988 801 1051 narrando
819 986 924 1071 pdssit
940 986 1170 1072 depraudrier:

425 1095 476 1157 Tu
494 1095 526 1158 id
543 1091 632 1177 qudd
651 1092 762 1155 bonist
778 1092 941 1174 excerpis,
959 1093 1041 1156 dicis
1058 1090 1148 1175 qudd
1166 1093 1284 1156 malist.

297 1211 300 1220 ’
426 1197 520 1262 Audi
536 1219 623 1262 nunc
639 1207 771 1261 contra:
793 1194 856 1258 iam
874 1197 901 1260 si
918 1206 1093 1278 argentum
1111 1196 1285 1279 acceperit,

424 1304 620 1367 Ducendast
635 1325 731 1378 uxor,
748 1300 785 1366 lt
800 1311 858 1377 ais,
876 1298 1025 1364 concedd
1042 1301 1119 1364 tibi:

426 1406 579 1492 Spatiilm
596 1410 732 1492 quidem
748 1409 884 1472 tandem
900 1402 1084 1488 aidparandi
1103 1403 1242 1488 ndptiaS,

424 1509 587 1586 Vocdndi,
604 1510 822 1576 sacruficdndi
839 1511 972 1576 dabitur
988 1506 1172 1592 padlulum.

425 1617 556 1679 Interea
572 1618 669 1681 amici
686 1615 776 1700 qudd
793 1617 932 1699 polliciti
949 1611 1026 1678 slint
1043 1613 1189 1677 dabunt:

425 1719 507 1783 inde
538 1719 599 1784 iste
631 1722 755 1785 reddet.
799 1720 869 1784 AN.
903 1719 1015 1802 Quam
1046 1716 1090 1782 db
1121 1725 1213 1781 rem?
1246 1728 1302 1782 aut
1333 1718 1412 1801 quid

490 1825 598 1888 dicet?
645 1825 707 1889 GE.
733 1826 867 1907 Rogas?

328 1934 330 1942 '
424 1926 548 2010 ‘Quod
565 1929 616 1992 res
632 1929 766 2012 postilla
784 1927 931 1993 mdnstra
946 1925 1130 1992 euenerdnt
1148 1927 1246 1990 mihi!

424 2031 516 2095 Intro
532 2031 569 2096 iit
585 2033 617 2094 in
633 2034 725 2096 aedis
740 2030 811 2096 dter
827 2031 952 2096 aliends
969 2033 1077 2109 canis;

422 2133 555 2217 Anguis
572 2157 632 2219 per
647 2137 834 2220 inpluuium
851 2137 976 2201 decidit
991 2138 1033 2200 de
1049 2136 1187 2218 teguli33

423 2237 552 2302 Gallina
568 2241 688 2304 cecinit
697 2261 704 2316 ;
732 2238 903 2305 interdixit
918 2238 1081 2304 hariolus:

423 2341 593 2427 Harispex
609 2345 731 2421 uetuit;
758 2342 835 2408 ante
851 2345 1005 2408 brumam
1021 2345 1130 2409 autem
1149 2345 1227 2408 noui

422 2445 544 2534 Negdti
562 2449 708 2532 incipere

618 2602 625 2617 .
715 2553 745 2615 ἐ
767 2554 853 2636 quae
870 2563 1002 2617 causast
1019 2551 1217 2617 iustissuma.

421 2603 631 2720 iiaec'slent.
678 2655 745 2720 AN.
776 2657 823 2721 Vt
846 2659 947 2721 modo
972 2656 1070 2721 liant!
1120 2657 1183 2721 GE.
1208 2657 1321 2720 Fient:
1357 2656 1410 2719 me

486 2761 573 2822 uide.

421 2864 517 2928 Pater
532 2865 611 2929 exit:
636 2864 699 2939 abi,
717 2865 770 2929 dic
785 2866 857 2929 esse
875 2874 1049 2948 argentum
1066 2865 1256 2929 Phaedriae.

569 3274 746 3339 Dnnnno
793 3274 972 3340 CHREMES
1061 3273 1161 3338 ΕΒΓΑ

692 3425 787 3466 SENES
825 3426 847 3464 11
1053 3424 1168 3464 SERVOS

330 3602 394 3666 DE.
418 3599 560 3684 Quietus
583 3610 664 3677 esto,
683 3602 838 3684 inquam:
861 3599 925 3682 ego
946 3598 1070 3662 curabo
1092 3597 1228 3680 nequid
1246 3615 1318 3660 uer·
1409 3594 1457 3657 IV
1475 3610 1489 3675 5

482 3702 601 3768 bonini
618 3707 699 3769 duit.

416 3808 493 3872 Hoc
514 3809 639 3874 temere
661 3828 843 3891 numquam
864 3804 1013 3870 amittam
1029 3826 1093 3888 ego
1111 3827 1129 3869 a
1146 3825 1208 3880 me,
1227 3801 1306 3888 quin
1324 3801 1404 3866 mihi

480 3915 573 3976 testis
588 3910 766 3976 ddhibeam
780 3932 787 3974 ε

240 4013 301 4082 715
415 4015 506 4100 Quoi
534 4018 609 4080 dem
637 4017 671 4080 et
696 4036 797 4100 quam
829 4015 873 4078 ob
905 4035 974 4078 rem
1005 4016 1093 4090 dem,
1120 4011 1402 4077 cdmmemorabO.

480 4119 543 4185 GE.
566 4120 612 4184 Vt
629 4117 744 4184 cadius
761 4128 819 4196 est,
838 4118 895 4182 ubi
912 4117 958 4183 nil
975 4127 1085 4201 opust.
