3412 5100
660 495 847 550 TERENTI
874 493 1077 550 PHORMIO.

419 688 522 754 Geta:
559 687 715 771 praesens
735 685 827 769 quod
849 681 956 749 suerat
979 683 1115 759 malum,
1139 683 1172 747 in
1196 684 1285 748 diem
1306 681 1404 749 abiit:

484 793 603 877 plagae
619 791 780 864 crescunt,

417 897 491 962 Nisi
518 893 691 980 pr6spicis.
729 913 818 958 nunc
841 890 919 957 hinc
942 893 1081 956 domum
1105 890 1161 956 ibo
1185 911 1224 956 ac
1247 889 1408 956 Phanium

417 1105 470 1171 Ne
483 999 740 1190 {iigeggr’eatur
763 1097 998 1166 Ph6rmionem
1021 1108 1079 1166 aut
1096 1098 1193 1165 huius
1215 1097 1408 1165 oratidnem.

610 1483 788 1547 Demean
878 1479 1135 1544 Nnvs1srnnnn

650 1612 752 1654 SENEX
956 1608 1074 1649 MVLIER

331 1774 397 1838 DF„
419 1771 498 1856 Age
528 1774 619 1845 dum,
651 1768 688 1835 ut
717 1769 815 1846 soles,
843 1766 1061 1842 Nausistrata,
1086 1767 1138 1831 sac
1161 1767 1217 1831 illa
1239 1763 1276 1832 tt
1297 1767 1408 1851 place·
1428 1767 1493 1846 V3

483 1886 537 1941 tur
553 1873 658 1950 nubis,

245 1981 308 2047 785
419 1979 466 2045 Vt
495 1976 555 2043 sua
586 1980 758 2042 uoluntate
792 1977 826 2043 id
862 1979 954 2063 quod
984 1987 1035 2041 est
1070 1972 1262 2041 faciundum
1300 1975 1407 2040 saciat.

482 2084 547 2146 NA.
571 2079 716 2147 Faciam.

332 2189 400 2254 DE.
420 2187 544 2252 Pariter
579 2206 668 2250 nunc
703 2206 807 2268 opera
844 2207 898 2250 me
939 2183 1090 2260 adiuues
1127 2205 1166 2248 ac
1204 2185 1239 2249 re
1280 2185 1408 2249 dudum

484 2287 647 2374 opitulata
663 2310 707 2353 es,

334 2396 403 2458 NA.
425 2391 566 2458 Factum
590 2393 676 2456 uolo.
701 2413 740 2456 ac
763 2393 821 2476 pol
844 2391 953 2457 minus
976 2414 1065 2476 queo
1089 2393 1151 2458 uiri
1174 2391 1284 2477 culpa,
1309 2415 1409 2478 quam

485 2518 539 2561 me
556 2496 735 2580 dignumst.

331 2603 397 2668 DE.
418 2603 510 2685 Quid
533 2599 666 2665 autem?
697 2600 765 2666 NA.
794 2601 883 2683 Quia
906 2602 964 2686 pol
989 2601 1055 2666 mei
1078 2604 1181 2687 patris
1204 2604 1291 2668 bene
1314 2602 1409 2688 parta
1483 2624 1497 2676 5

484 2706 696 2789 indiligenter
939 2788 941 2794 Ι

419 2806 561 2875 Tutatur
569 2830 578 2887 ;
612 2829 690 2873 nam
721 2829 761 2872 ex
791 2810 839 2873 eis
866 2811 1010 2894 praediis
1034 2810 1158 2876 talenta
1181 2814 1310 2894 argenti
1333 2812 1411 2876 bina

246 2915 310 2982 790
421 2913 541 2980 Statim
574 2913 747 2997 capiebat:
789 2912 840 2976 uir
881 2915 954 2979 uiro
996 2915 1078 2999 quid
1120 2917 1283 2999 praestat!
1346 2917 1409 2980 DE.

483 3019 590 3082 Binan
607 3018 755 3101 quaeso?

332 3125 399 3187 ΝΑ.
420 3123 475 3188 Ac
498 3123 596 3187 rebus
620 3120 792 3186 uili6ribus
817 3120 921 3186 multu
952 3122 1076 3186 talenta
1106 3121 1193 3188 bina.
1240 3122 1307 3188 DE.
1332 3123 1410 3188 Hui.

332 3228 401 3292 NA.
425 3213 516 3309 Quid
548 3226 631 3290 haec
663 3226 840 3290 uidentur?
886 3226 953 3289 DE.
989 3225 1132 3291 Scilicet.
1189 3226 1256 3292 NA.
1293 3226 1412 3291 Virum

485 3350 539 3394 me
556 3340 671 3394 natum
689 3331 827 3394 uellem:

420 3434 495 3516 Ego
512 3434 731 3507 ostenderem,
755 3435 822 3497 DE.
847 3432 947 3498 certa
963 3435 1043 3498 scio.
1075 3434 1143 3498 NA·
1166 3455 1234 3518 quo
1250 3433 1350 3518 pacto
1373 3485 1380 3500 .
1404 3485 1411 3498 .
1472 3457 1500 3494 ιο

348 3604 352 3612 ,
486 3538 553 3602 DE.
578 3539 679 3602 Parce
703 3536 811 3613 sudes,

384 3652 387 3656 ’
419 3641 467 3706 Vt
499 3639 606 3724 pussis
643 3663 721 3706 curn
753 3643 817 3717 illa,
849 3641 899 3725 ner
921 3651 954 3706 te
984 3642 1181 3706 adulescens
1212 3640 1328 3707 mulier
1359 3644 1413 3708 de·

487 3743 612 3828 fetiget.

247 3851 310 3916 795
334 3850 401 3916 NA.
421 3850 556 3913 Faciam
587 3847 624 3915 tt
654 3849 758 3915 iubes.
796 3851 856 3914 sed
888 3845 1000 3920 metim
1031 3849 1141 3914 uirum
1171 3850 1231 3915 abs
1260 3860 1294 3917 te
1320 3850 1413 3915 exire

488 3953 600 4018 uideo.
