3358 5098
635 1278 728 1343 Inc-
762 1277 846 1342 Bn-
879 1275 1053 1342 GRONOV1

695 1470 989 1546 PROLOGVS
1077 1471 1080 1476 ’

437 1679 538 1764 Quod
554 1677 710 1744 dmnibus
725 1675 852 1742 bondm
868 1678 949 1742 felix
965 1673 1107 1742 laustdm
1125 1676 1203 1741 siet:

436 1791 596 1858 Fautdres
613 1793 731 1856 artium
748 1788 837 1854 haud
854 1790 957 1873 iniqui
975 1787 1109 1864 iudices,

434 1905 540 1989 Apud
557 1903 617 1968 uds
633 1904 736 1969 acturi
753 1900 867 1966 sdmus
884 1901 1038 1966 Latinam
1055 1899 1211 1975 ialbulain,

437 2017 548 2100 Quam
564 2015 683 2081 Cicero
701 2016 781 2080 olim
798 2013 973 2098 spectabat
988 2024 1097 2078 actam
1114 2036 1133 2077 a
1150 2012 1283 2088 Rdsci0,
1310 2003 1315 2011 ’

439 2127 536 2213 Opus
551 2130 697 2203 Terenti,
715 2129 800 2212 quae
817 2137 884 2192 tam
902 2126 990 2192 clara
1006 2125 1139 2190 ndmina

434 2240 542 2305 Vobis
558 2262 620 2305 nos
636 2238 872 2304 commendite
888 2260 968 2303 sane
984 2237 1148 2303 cdnuenit.

437 2353 539 2436 Quod
553 2352 623 2418 dlxi
640 2354 742 2416 modo
761 2351 915 2416 Latinam
932 2372 1039 2434 paene
1056 2348 1259 2415 errdueram:

437 2464 598 2548 Linguaist
614 2465 742 2539 Latina,
760 2465 811 2528 res
828 2474 938 2528 autem
956 2473 989 2527 et
1004 2463 1186 2526 sententiae

437 2579 551 2642 Menae
567 2588 644 2644 sunt
660 2577 817 2652 Graecae,
834 2574 917 2660 queis
934 2576 1033 2640 uertit
1047 2576 1230 2640 Terentius.

435 2691 482 2754 Vt
497 2691 586 2753 enim
602 2711 685 2773 quas
702 2687 829 2754 fabulis
846 2708 1007 2752 uocamus
1023 2675 1186 2770 Anglicas

437 2803 504 2865 Eas
520 2803 620 2885 saepe
636 2803 779 2885 scriptor
794 2799 986 2882 ingeniosus
1003 2798 1151 2864 Galllicus

437 2913 559 2990 Finxit,
577 2915 624 2978 sic
641 2914 708 2977 iere
725 2911 862 2978 Latinos
880 2910 1017 2976 Graecis
1035 2912 1180 2977 fdntibus

436 3025 579 3090 Haurlre
595 3047 662 3090 non
679 3026 829 3110 pudebat
844 3046 930 3109 quae
947 3027 1094 3092 facerent
1109 3049 1183 3096 sua..

437 3137 528 3220 Quid
545 3135 642 3202 refert
658 3140 757 3220 igitur
772 3137 815 3202 dd
832 3160 894 3203 uos
911 3160 979 3203 rem
997 3139 1183 3224 proddcere

437 3251 505 3314 Diu
522 3249 718 3328 dbsoletam,
735 3249 805 3315 tum
823 3274 864 3316 ne
879 3252 1058 3336 genuindm
1076 3255 1222 3337 quidem,

436 3361 584 3426 Vmbrae
601 3363 788 3428 uetustidris
805 3366 959 3430 umbram
974 3363 1157 3448 pallidam?

438 3475 526 3558 Quia
542 3473 622 3538 ddm
639 3477 795 3542 labuntur
810 3475 887 3542 anni
904 3480 1003 3562 plane
1020 3480 1136 3542 eadem
1154 3488 1288 3542 manent

436 3586 585 3652 Humani
603 3611 735 3673 semper
752 3592 882 3673 generis
898 3592 1007 3656 studia
1023 3601 1057 3655 et
1071 3590 1200 3656 indoles

439 3700 622 3784 Cupidines
639 3701 770 3767 doldres
787 3705 909 3786 gaudia
924 3705 957 3768 et
972 3713 1088 3768 metus

439 3812 546 3895 Igitt'u
561 3816 652 3898 quod
670 3836 731 3878 nos
748 3814 865 3879 Latine
882 3837 1019 3898 agemus
1035 3815 1137 3900 pallio

439 3925 566 3991 Graecd
583 3928 702 4003 uestiti,
720 3926 863 4010 imagost
879 3929 981 3993 nostri
997 3929 1138 4006 saeculi;

439 4038 585 4104 Orndtus
601 4048 652 4104 est
667 4039 832 4124 antiquos,
850 4042 986 4125 antiqua
1001 4039 1099 4113 ictio,

440 4151 599 4216 Recentia
616 4172 655 4216 ac
671 4173 760 4217 nouo
777 4151 810 4217 ln
827 4153 910 4217 libro
927 4162 1003 4216 sunt
1019 4153 1151 4217 relicua.
