<?xml version="1.0" encoding="UTF-8"?>
<!DOCTYPE html PUBLIC "-//W3C//DTD XHTML 1.0 Transitional//EN"
    "http://www.w3.org/TR/xhtml1/DTD/xhtml1-transitional.dtd">
<html xmlns="http://www.w3.org/1999/xhtml" xml:lang="en" lang="en">
 <head>
  <title>
</title>
<meta http-equiv="Content-Type" content="text/html;charset=utf-8" />
  <meta name='ocr-system' content='tesseract 3.04.00' />
  <meta name='ocr-capabilities' content='ocr_page ocr_carea ocr_par ocr_line ocrx_word'/>
</head>
<body>
  <div class='ocr_page' id='page_1' title='image "./pterentiafripho00greegoog/pterentiafripho00greegoog_0079.png"; bbox 0 0 3358 5098; ppageno 0'>
   <div class='ocr_carea' id='block_1_1' title="bbox 586 497 1095 558">
    <p class='ocr_par' dir='ltr' id='par_1_1' title="bbox 586 497 1095 558">
     <span class='ocr_line' id='line_1_1' title="bbox 586 497 1095 558; baseline -0.002 0"><span class='ocrx_word' id='word_1_1' title='bbox 586 517 588 524; x_wconf 65' lang='lat'><strong><em>⁴</em></strong></span> <span class='ocrx_word' id='word_1_2' title='bbox 679 497 865 558; x_wconf 79' lang='lat' dir='ltr'><strong>TERENTI</strong></span> <span class='ocrx_word' id='word_1_3' title='bbox 894 502 1095 558; x_wconf 87' lang='lat' dir='ltr'><strong>PHORMIO.</strong></span> 
     </span>
    </p>
   </div>
   <div class='ocr_carea' id='block_1_2' title="bbox 768 1021 1007 1091">
    <p class='ocr_par' dir='ltr' id='par_1_2' title="bbox 768 1021 1007 1091">
     <span class='ocr_line' id='line_1_2' title="bbox 768 1021 1007 1091; baseline 0.004 -3"><span class='ocrx_word' id='word_1_4' title='bbox 768 1021 925 1091; x_wconf 84' lang='lat' dir='ltr'>ACTVS</span> <span class='ocrx_word' id='word_1_5' title='bbox 956 1023 1007 1089; x_wconf 94' lang='lat' dir='ltr'>IV</span> 
     </span>
    </p>
   </div>
   <div class='ocr_carea' id='block_1_3' title="bbox 671 1221 1100 1397">
    <p class='ocr_par' dir='ltr' id='par_1_3' title="bbox 671 1221 1100 1397">
     <span class='ocr_line' id='line_1_3' title="bbox 671 1221 1100 1289; baseline -0.005 -1"><span class='ocrx_word' id='word_1_6' title='bbox 671 1223 840 1289; x_wconf 77' lang='lat' dir='ltr'>Demmro</span> <span class='ocrx_word' id='word_1_7' title='bbox 930 1221 1100 1288; x_wconf 76' lang='lat' dir='ltr'>Caamras</span> 
     </span>
     <span class='ocr_line' id='line_1_4' title="bbox 716 1348 1030 1397; baseline -0.006 -1"><span class='ocrx_word' id='word_1_8' title='bbox 716 1348 812 1397; x_wconf 76' lang='lat' dir='ltr'>SENES</span> <span class='ocrx_word' id='word_1_9' title='bbox 1006 1355 1030 1394; x_wconf 93' lang='lat'>11</span> 
     </span>
    </p>
   </div>
   <div class='ocr_carea' id='block_1_4' title="bbox 260 1510 1512 2309">
    <p class='ocr_par' dir='ltr' id='par_1_4' title="bbox 260 1510 1512 2309">
     <span class='ocr_line' id='line_1_5' title="bbox 347 1510 1506 1603; baseline -0.006 -21"><span class='ocrx_word' id='word_1_10' title='bbox 347 1517 415 1582; x_wconf 75' lang='lat' dir='ltr'>De,</span> <span class='ocrx_word' id='word_1_11' title='bbox 437 1513 552 1603; x_wconf 86' lang='lat' dir='ltr'><strong>Quid?</strong></span> <span class='ocrx_word' id='word_1_12' title='bbox 583 1512 650 1601; x_wconf 66' lang='lat' dir='ltr'>qua</span> <span class='ocrx_word' id='word_1_13' title='bbox 677 1514 847 1600; x_wconf 83' lang='lat' dir='ltr'>profectus</span> <span class='ocrx_word' id='word_1_14' title='bbox 871 1510 972 1578; x_wconf 71' lang='lat' dir='ltr'>caiisa</span> <span class='ocrx_word' id='word_1_15' title='bbox 998 1513 1077 1578; x_wconf 89' lang='lat' dir='ltr'>hinc</span> <span class='ocrx_word' id='word_1_16' title='bbox 1101 1534 1137 1579; x_wconf 90' lang='lat' dir='ltr'>es</span> <span class='ocrx_word' id='word_1_17' title='bbox 1162 1511 1337 1590; x_wconf 68' lang='lat' dir='ltr'>lemniim,</span> <span class='ocrx_word' id='word_1_18' title='bbox 1427 1513 1476 1576; x_wconf 92' lang='lat' dir='ltr'>IV</span> <span class='ocrx_word' id='word_1_19' title='bbox 1496 1529 1506 1574; x_wconf 86' lang='lat'>1</span> 
     </span>
     <span class='ocr_line' id='line_1_6' title="bbox 498 1619 677 1695; baseline -0.022 -8"><span class='ocrx_word' id='word_1_20' title='bbox 498 1619 677 1695; x_wconf 88' lang='lat' dir='ltr'>Chremes,-</span> 
     </span>
     <span class='ocr_line' id='line_1_7' title="bbox 433 1719 1425 1805; baseline -0.001 -18"><span class='ocrx_word' id='word_1_21' title='bbox 433 1722 612 1790; x_wconf 69' lang='lat' dir='ltr'>Addixtin</span> <span class='ocrx_word' id='word_1_22' title='bbox 623 1732 735 1789; x_wconf 90' lang='lat' dir='ltr'>tecum</span> <span class='ocrx_word' id='word_1_23' title='bbox 746 1719 871 1787; x_wconf 79' lang='lat' dir='ltr'>filiam?</span> <span class='ocrx_word' id='word_1_24' title='bbox 894 1719 962 1787; x_wconf 81' lang='lat' dir='ltr'>CH.</span> <span class='ocrx_word' id='word_1_25' title='bbox 979 1720 1070 1785; x_wconf 86' lang='lat' dir='ltr'><strong>Non.</strong></span> <span class='ocrx_word' id='word_1_26' title='bbox 1094 1720 1161 1786; x_wconf 75' lang='lat' dir='ltr'>DE.</span> <span class='ocrx_word' id='word_1_27' title='bbox 1179 1720 1270 1805; x_wconf 86' lang='lat' dir='ltr'>Quid</span> <span class='ocrx_word' id='word_1_28' title='bbox 1280 1723 1326 1787; x_wconf 90' lang='lat' dir='ltr'>ita</span> <span class='ocrx_word' id='word_1_29' title='bbox 1336 1727 1425 1786; x_wconf 89' lang='lat' dir='ltr'><strong>non?</strong></span> 
     </span>
     <span class='ocr_line' id='line_1_8' title="bbox 347 1823 1315 1913; baseline -0.004 -18"><span class='ocrx_word' id='word_1_30' title='bbox 347 1827 414 1895; x_wconf 82' lang='lat' dir='ltr'>CH.</span> <span class='ocrx_word' id='word_1_31' title='bbox 437 1825 618 1913; x_wconf 72' lang='lat' dir='ltr'>Postquam</span> <span class='ocrx_word' id='word_1_32' title='bbox 635 1827 726 1892; x_wconf 89' lang='lat' dir='ltr'>uidet</span> <span class='ocrx_word' id='word_1_33' title='bbox 742 1847 796 1891; x_wconf 90' lang='lat' dir='ltr'>me</span> <span class='ocrx_word' id='word_1_34' title='bbox 812 1826 883 1891; x_wconf 90' lang='lat' dir='ltr'>eius</span> <span class='ocrx_word' id='word_1_35' title='bbox 901 1823 1006 1891; x_wconf 73' lang='lat' dir='ltr'>mater</span> <span class='ocrx_word' id='word_1_36' title='bbox 1022 1846 1095 1890; x_wconf 90' lang='lat' dir='ltr'>esse</span> <span class='ocrx_word' id='word_1_37' title='bbox 1111 1825 1165 1888; x_wconf 94' lang='lat' dir='ltr'>hic</span> <span class='ocrx_word' id='word_1_38' title='bbox 1182 1823 1315 1902; x_wconf 88' lang='lat' dir='ltr'>diutius,</span> 
     </span>
     <span class='ocr_line' id='line_1_9' title="bbox 260 1928 1188 2012; baseline -0.003 -15"><span class='ocrx_word' id='word_1_39' title='bbox 260 1932 322 1998; x_wconf 80' lang='lat'>570</span> <span class='ocrx_word' id='word_1_40' title='bbox 432 1931 540 1998; x_wconf 87' lang='lat' dir='ltr'>Simul</span> <span class='ocrx_word' id='word_1_41' title='bbox 557 1929 668 1996; x_wconf 70' lang='lat' dir='ltr'>aritem</span> <span class='ocrx_word' id='word_1_42' title='bbox 684 1951 753 1995; x_wconf 89' lang='lat' dir='ltr'>non</span> <span class='ocrx_word' id='word_1_43' title='bbox 770 1929 926 1995; x_wconf 71' lang='lat' dir='ltr'>manebat</span> <span class='ocrx_word' id='word_1_44' title='bbox 942 1939 1033 1994; x_wconf 88' lang='lat' dir='ltr'>aetas</span> <span class='ocrx_word' id='word_1_45' title='bbox 1050 1928 1188 2012; x_wconf 86' lang='lat' dir='ltr'>uirginis</span> 
     </span>
     <span class='ocr_line' id='line_1_10' title="bbox 433 2031 1512 2119; baseline -0.004 -19"><span class='ocrx_word' id='word_1_46' title='bbox 433 2036 548 2100; x_wconf 87' lang='lat' dir='ltr'>Meam</span> <span class='ocrx_word' id='word_1_47' title='bbox 565 2034 825 2117; x_wconf 76' lang='lat' dir='ltr'>neclegentiam:</span> <span class='ocrx_word' id='word_1_48' title='bbox 853 2031 962 2119; x_wconf 85' lang='lat' dir='ltr'>ipsam</span> <span class='ocrx_word' id='word_1_49' title='bbox 978 2054 1055 2097; x_wconf 90' lang='lat' dir='ltr'>cum</span> <span class='ocrx_word' id='word_1_50' title='bbox 1070 2035 1163 2097; x_wconf 88' lang='lat' dir='ltr'>omni</span> <span class='ocrx_word' id='word_1_51' title='bbox 1180 2031 1304 2097; x_wconf 72' lang='lat' dir='ltr'>familia</span> <span class='ocrx_word' id='word_1_52' title='bbox 1499 2057 1512 2108; x_wconf 86' lang='lat'>5</span> 
     </span>
     <span class='ocr_line' id='line_1_11' title="bbox 430 2136 1424 2221; baseline -0.002 -18"><span class='ocrx_word' id='word_1_53' title='bbox 430 2139 489 2203; x_wconf 90' lang='lat' dir='ltr'>Ad</span> <span class='ocrx_word' id='word_1_54' title='bbox 531 2139 584 2202; x_wconf 75' lang='lat' dir='ltr'>me</span> <span class='ocrx_word' id='word_1_55' title='bbox 625 2138 811 2221; x_wconf 83' lang='lat' dir='ltr'>profectam</span> <span class='ocrx_word' id='word_1_56' title='bbox 852 2158 926 2203; x_wconf 89' lang='lat' dir='ltr'>esse</span> <span class='ocrx_word' id='word_1_57' title='bbox 961 2136 1082 2202; x_wconf 86' lang='lat' dir='ltr'>aibant.</span> <span class='ocrx_word' id='word_1_58' title='bbox 1143 2137 1210 2200; x_wconf 74' lang='lat' dir='ltr'>DE.</span> <span class='ocrx_word' id='word_1_59' title='bbox 1246 2136 1338 2221; x_wconf 87' lang='lat' dir='ltr'>Quid</span> <span class='ocrx_word' id='word_1_60' title='bbox 1379 2138 1424 2201; x_wconf 89' lang='lat' dir='ltr'>illi</span> 
     </span>
     <span class='ocr_line' id='line_1_12' title="bbox 496 2241 649 2309; baseline -0.02 0"><span class='ocrx_word' id='word_1_61' title='bbox 496 2241 567 2309; x_wconf 66' lang='lat' dir='ltr'>tam</span> <span class='ocrx_word' id='word_1_62' title='bbox 593 2243 649 2306; x_wconf 89' lang='lat' dir='ltr'>diu</span> 
     </span>
    </p>
   </div>
   <div class='ocr_carea' id='block_1_5' title="bbox 347 2342 1426 2534">
    <p class='ocr_par' dir='ltr' id='par_1_5' title="bbox 347 2342 1426 2534">
     <span class='ocr_line' id='line_1_13' title="bbox 433 2342 1284 2430; baseline 0.001 -20"><span class='ocrx_word' id='word_1_63' title='bbox 433 2343 571 2430; x_wconf 87' lang='lat' dir='ltr'><strong>Quaeso</strong></span> <span class='ocrx_word' id='word_1_64' title='bbox 588 2345 688 2430; x_wconf 83' lang='lat' dir='ltr'>igitur</span> <span class='ocrx_word' id='word_1_65' title='bbox 704 2342 977 2421; x_wconf 49' lang='lat' dir='ltr'>commorabares</span> <span class='ocrx_word' id='word_1_66' title='bbox 988 2345 1044 2409; x_wconf 91' lang='lat' dir='ltr'>ubi</span> <span class='ocrx_word' id='word_1_67' title='bbox 1062 2346 1094 2409; x_wconf 94' lang='lat' dir='ltr'>id</span> <span class='ocrx_word' id='word_1_68' title='bbox 1111 2343 1284 2411; x_wconf 85' lang='lat' dir='ltr'>audieras?</span> 
     </span>
     <span class='ocr_line' id='line_1_14' title="bbox 347 2446 1426 2534; baseline 0 -18"><span class='ocrx_word' id='word_1_69' title='bbox 347 2449 412 2516; x_wconf 83' lang='lat' dir='ltr'>CH.</span> <span class='ocrx_word' id='word_1_70' title='bbox 437 2450 496 2514; x_wconf 89' lang='lat' dir='ltr'>Pol</span> <span class='ocrx_word' id='word_1_71' title='bbox 527 2450 580 2513; x_wconf 73' lang='lat' dir='ltr'>me</span> <span class='ocrx_word' id='word_1_72' title='bbox 610 2450 754 2514; x_wconf 86' lang='lat' dir='ltr'>detinuit</span> <span class='ocrx_word' id='word_1_73' title='bbox 785 2446 930 2515; x_wconf 81' lang='lat' dir='ltr'>m6rbus.</span> <span class='ocrx_word' id='word_1_74' title='bbox 991 2450 1058 2515; x_wconf 75' lang='lat' dir='ltr'>DE.</span> <span class='ocrx_word' id='word_1_75' title='bbox 1097 2450 1215 2515; x_wconf 87' lang='lat' dir='ltr'>Vnde!</span> <span class='ocrx_word' id='word_1_76' title='bbox 1258 2459 1315 2516; x_wconf 88' lang='lat' dir='ltr'>aut</span> <span class='ocrx_word' id='word_1_77' title='bbox 1344 2447 1426 2534; x_wconf 84' lang='lat' dir='ltr'>qui?</span> 
     </span>
    </p>
   </div>
   <div class='ocr_carea' id='block_1_6' title="bbox 204 2552 1510 4299">
    <p class='ocr_par' dir='ltr' id='par_1_6' title="bbox 204 2552 1510 4299">
     <span class='ocr_line' id='line_1_15' title="bbox 500 2552 735 2636; baseline -0.004 -18"><span class='ocrx_word' id='word_1_78' title='bbox 500 2552 567 2619; x_wconf 83' lang='lat' dir='ltr'>CH.</span> <span class='ocrx_word' id='word_1_79' title='bbox 593 2553 735 2636; x_wconf 85' lang='lat' dir='ltr'>Rogas?</span> 
     </span>
     <span class='ocr_line' id='line_1_16' title="bbox 261 2655 1204 2740; baseline 0 -18"><span class='ocrx_word' id='word_1_80' title='bbox 261 2657 322 2723; x_wconf 79' lang='lat'>575</span> <span class='ocrx_word' id='word_1_81' title='bbox 433 2656 596 2723; x_wconf 77' lang='lat' dir='ltr'>Senectus</span> <span class='ocrx_word' id='word_1_82' title='bbox 611 2657 715 2740; x_wconf 86' lang='lat' dir='ltr'>ipsast</span> <span class='ocrx_word' id='word_1_83' title='bbox 731 2655 877 2721; x_wconf 86' lang='lat' dir='ltr'>m6rbus.</span> <span class='ocrx_word' id='word_1_84' title='bbox 923 2658 982 2722; x_wconf 90' lang='lat' dir='ltr'>sed</span> <span class='ocrx_word' id='word_1_85' title='bbox 1000 2656 1131 2722; x_wconf 85' lang='lat' dir='ltr'>uenisse</span> <span class='ocrx_word' id='word_1_86' title='bbox 1148 2678 1204 2722; x_wconf 91' lang='lat' dir='ltr'>eas</span> 
     </span>
     <span class='ocr_line' id='line_1_17' title="bbox 434 2758 1182 2844; baseline -0.001 -17"><span class='ocrx_word' id='word_1_87' title='bbox 434 2759 551 2828; x_wconf 68' lang='lat' dir='ltr'>Saluis</span> <span class='ocrx_word' id='word_1_88' title='bbox 568 2762 681 2825; x_wconf 86' lang='lat' dir='ltr'>audiui</span> <span class='ocrx_word' id='word_1_89' title='bbox 698 2781 743 2825; x_wconf 86' lang='lat' dir='ltr'>ex</span> <span class='ocrx_word' id='word_1_90' title='bbox 759 2758 859 2826; x_wconf 76' lang='lat' dir='ltr'>natita</span> <span class='ocrx_word' id='word_1_91' title='bbox 875 2761 932 2844; x_wconf 90' lang='lat' dir='ltr'>qui</span> <span class='ocrx_word' id='word_1_92' title='bbox 949 2762 1021 2826; x_wconf 91' lang='lat' dir='ltr'>illas</span> <span class='ocrx_word' id='word_1_93' title='bbox 1038 2763 1182 2826; x_wconf 74' lang='lat' dir='ltr'>nexerat</span> 
     </span>
     <span class='ocr_line' id='line_1_18' title="bbox 346 2862 1423 2948; baseline 0.001 -19"><span class='ocrx_word' id='word_1_94' title='bbox 346 2866 413 2931; x_wconf 75' lang='lat' dir='ltr'>DE.</span> <span class='ocrx_word' id='word_1_95' title='bbox 436 2863 527 2948; x_wconf 88' lang='lat' dir='ltr'>Quid</span> <span class='ocrx_word' id='word_1_96' title='bbox 549 2862 650 2947; x_wconf 67' lang='lat' dir='ltr'>gnato</span> <span class='ocrx_word' id='word_1_97' title='bbox 671 2865 829 2948; x_wconf 86' lang='lat' dir='ltr'>obtigerit</span> <span class='ocrx_word' id='word_1_98' title='bbox 850 2885 904 2928; x_wconf 90' lang='lat' dir='ltr'>me</span> <span class='ocrx_word' id='word_1_99' title='bbox 926 2863 1074 2942; x_wconf 72' lang='lat' dir='ltr'>absente,</span> <span class='ocrx_word' id='word_1_100' title='bbox 1092 2863 1222 2942; x_wconf 84' lang='lat' dir='ltr'>audisti,</span> <span class='ocrx_word' id='word_1_101' title='bbox 1240 2864 1423 2930; x_wconf 87' lang='lat' dir='ltr'>Chremes?</span> 
     </span>
     <span class='ocr_line' id='line_1_19' title="bbox 348 2965 1321 3052; baseline 0.002 -19"><span class='ocrx_word' id='word_1_102' title='bbox 348 2969 416 3034; x_wconf 83' lang='lat' dir='ltr'>CH.</span> <span class='ocrx_word' id='word_1_103' title='bbox 440 2967 543 3051; x_wconf 85' lang='lat' dir='ltr'><strong>Quod</strong></span> <span class='ocrx_word' id='word_1_104' title='bbox 560 2965 695 3052; x_wconf 84' lang='lat' dir='ltr'>quidem</span> <span class='ocrx_word' id='word_1_105' title='bbox 712 2990 766 3033; x_wconf 89' lang='lat' dir='ltr'>me</span> <span class='ocrx_word' id='word_1_106' title='bbox 782 2968 906 3034; x_wconf 84' lang='lat' dir='ltr'>factum</span> <span class='ocrx_word' id='word_1_107' title='bbox 922 2968 1038 3033; x_wconf 73' lang='lat' dir='ltr'>censili</span> <span class='ocrx_word' id='word_1_108' title='bbox 1055 2968 1217 3034; x_wconf 72' lang='lat' dir='ltr'>incerti&#39;tm</span> <span class='ocrx_word' id='word_1_109' title='bbox 1234 2971 1321 3035; x_wconf 82' lang='lat' dir='ltr'>iacit.</span> 
     </span>
     <span class='ocr_line' id='line_1_20' title="bbox 432 3053 1310 3156; baseline 0.001 -20"><span class='ocrx_word' id='word_1_110' title='bbox 432 3073 521 3136; x_wconf 88' lang='lat' dir='ltr'>Nam</span> <span class='ocrx_word' id='word_1_111' title='bbox 537 3072 623 3136; x_wconf 89' lang='lat' dir='ltr'>hanc</span> <span class='ocrx_word' id='word_1_112' title='bbox 640 3053 872 3136; x_wconf 66' lang='lat' dir='ltr'>c6&#39;ndicionem</span> <span class='ocrx_word' id='word_1_113' title='bbox 889 3071 917 3137; x_wconf 87' lang='lat' dir='ltr'>si</span> <span class='ocrx_word' id='word_1_114' title='bbox 933 3075 1013 3156; x_wconf 90' lang='lat' dir='ltr'>quoi</span> <span class='ocrx_word' id='word_1_115' title='bbox 1029 3075 1137 3138; x_wconf 83' lang='lat' dir='ltr'>tulero</span> <span class='ocrx_word' id='word_1_116' title='bbox 1154 3072 1310 3150; x_wconf 68' lang='lat' dir='ltr'>extrario,</span> 
     </span>
     <span class='ocr_line' id='line_1_21' title="bbox 261 3173 1368 3260; baseline 0.001 -19"><span class='ocrx_word' id='word_1_117' title='bbox 261 3176 323 3241; x_wconf 84' lang='lat'>580</span> <span class='ocrx_word' id='word_1_118' title='bbox 435 3174 514 3258; x_wconf 85' lang='lat' dir='ltr'>Quo</span> <span class='ocrx_word' id='word_1_119' title='bbox 530 3173 631 3259; x_wconf 74' lang='lat' dir='ltr'>pacto</span> <span class='ocrx_word' id='word_1_120' title='bbox 648 3186 703 3241; x_wconf 89' lang='lat' dir='ltr'>aut</span> <span class='ocrx_word' id='word_1_121' title='bbox 719 3177 809 3240; x_wconf 88' lang='lat' dir='ltr'>unde</span> <span class='ocrx_word' id='word_1_122' title='bbox 825 3173 905 3239; x_wconf 84' lang='lat' dir='ltr'>mihi</span> <span class='ocrx_word' id='word_1_123' title='bbox 922 3179 965 3242; x_wconf 92' lang='lat' dir='ltr'>sit</span> <span class='ocrx_word' id='word_1_124' title='bbox 979 3179 1163 3242; x_wconf 88' lang='lat' dir='ltr'>dicundum</span> <span class='ocrx_word' id='word_1_125' title='bbox 1179 3177 1293 3260; x_wconf 81' lang='lat' dir='ltr'>6rdine</span> <span class='ocrx_word' id='word_1_126' title='bbox 1309 3187 1368 3242; x_wconf 89' lang='lat' dir='ltr'>est.</span> 
     </span>
     <span class='ocr_line' id='line_1_22' title="bbox 431 3277 1510 3364; baseline 0.003 -21"><span class='ocrx_word' id='word_1_127' title='bbox 431 3279 481 3343; x_wconf 90' lang='lat' dir='ltr'>Te</span> <span class='ocrx_word' id='word_1_128' title='bbox 497 3277 577 3343; x_wconf 87' lang='lat' dir='ltr'>mihi</span> <span class='ocrx_word' id='word_1_129' title='bbox 594 3279 725 3343; x_wconf 88' lang='lat' dir='ltr'>fidelem</span> <span class='ocrx_word' id='word_1_130' title='bbox 741 3300 814 3344; x_wconf 88' lang='lat' dir='ltr'>esse</span> <span class='ocrx_word' id='word_1_131' title='bbox 829 3279 935 3364; x_wconf 74' lang='lat' dir='ltr'>aeque</span> <span class='ocrx_word' id='word_1_132' title='bbox 952 3291 1051 3364; x_wconf 90' lang='lat' dir='ltr'>atque</span> <span class='ocrx_word' id='word_1_133' title='bbox 1067 3291 1202 3364; x_wconf 88' lang='lat' dir='ltr'>egomet</span> <span class='ocrx_word' id='word_1_134' title='bbox 1225 3279 1299 3346; x_wconf 67' lang='lat' dir='ltr'>siim</span> <span class='ocrx_word' id='word_1_135' title='bbox 1316 3281 1396 3346; x_wconf 92' lang='lat' dir='ltr'>mihi</span> <span class='ocrx_word' id='word_1_136' title='bbox 1482 3303 1510 3356; x_wconf 78' lang='lat'>15</span> 
     </span>
     <span class='ocr_line' id='line_1_23' title="bbox 434 3381 1215 3460; baseline 0.001 -12"><span class='ocrx_word' id='word_1_137' title='bbox 434 3381 581 3448; x_wconf 91' lang='lat' dir='ltr'>Scibam.</span> <span class='ocrx_word' id='word_1_138' title='bbox 627 3381 681 3446; x_wconf 84' lang='lat' dir='ltr'>tlle</span> <span class='ocrx_word' id='word_1_139' title='bbox 698 3385 724 3447; x_wconf 93' lang='lat' dir='ltr'>si</span> <span class='ocrx_word' id='word_1_140' title='bbox 742 3404 795 3447; x_wconf 91' lang='lat' dir='ltr'>me</span> <span class='ocrx_word' id='word_1_141' title='bbox 811 3385 936 3448; x_wconf 75' lang='lat' dir='ltr'>alienus</span> <span class='ocrx_word' id='word_1_142' title='bbox 954 3385 1097 3449; x_wconf 76' lang='lat' dir='ltr'>adfinem</span> <span class='ocrx_word' id='word_1_143' title='bbox 1115 3385 1215 3460; x_wconf 89' lang='lat' dir='ltr'>uolet,</span> 
     </span>
     <span class='ocr_line' id='line_1_24' title="bbox 432 3486 1114 3566; baseline 0.004 -16"><span class='ocrx_word' id='word_1_144' title='bbox 432 3486 583 3561; x_wconf 74' lang='lat' dir='ltr'>Tacebit,</span> <span class='ocrx_word' id='word_1_145' title='bbox 600 3487 680 3550; x_wconf 86' lang='lat' dir='ltr'>dum</span> <span class='ocrx_word' id='word_1_146' title='bbox 697 3487 879 3552; x_wconf 71' lang='lat' dir='ltr'>intercedet</span> <span class='ocrx_word' id='word_1_147' title='bbox 894 3486 1114 3566; x_wconf 71' lang='lat' dir='ltr'>familiaritas3</span> 
     </span>
     <span class='ocr_line' id='line_1_25' title="bbox 435 3588 1421 3676; baseline 0.003 -21"><span class='ocrx_word' id='word_1_148' title='bbox 435 3588 495 3656; x_wconf 87' lang='lat' dir='ltr'>Sin</span> <span class='ocrx_word' id='word_1_149' title='bbox 526 3591 690 3675; x_wconf 77' lang='lat' dir='ltr'>spreuerit</span> <span class='ocrx_word' id='word_1_150' title='bbox 716 3612 779 3666; x_wconf 87' lang='lat' dir='ltr'>me,</span> <span class='ocrx_word' id='word_1_151' title='bbox 807 3589 882 3675; x_wconf 73' lang='lat' dir='ltr'>pitis</span> <span class='ocrx_word' id='word_1_152' title='bbox 908 3613 1009 3676; x_wconf 84' lang='lat' dir='ltr'>quam</span> <span class='ocrx_word' id='word_1_153' title='bbox 1036 3614 1123 3676; x_wconf 91' lang='lat' dir='ltr'>opus</span> <span class='ocrx_word' id='word_1_154' title='bbox 1150 3602 1200 3657; x_wconf 92' lang='lat' dir='ltr'>est</span> <span class='ocrx_word' id='word_1_155' title='bbox 1224 3590 1308 3657; x_wconf 70' lang='lat' dir='ltr'>scite</span> <span class='ocrx_word' id='word_1_156' title='bbox 1332 3593 1421 3658; x_wconf 84' lang='lat' dir='ltr'>sciet</span> 
     </span>
     <span class='ocr_line' id='line_1_26' title="bbox 431 3693 1273 3779; baseline 0.004 -21"><span class='ocrx_word' id='word_1_157' title='bbox 431 3693 626 3778; x_wconf 73' lang='lat' dir='ltr'>Vererirque</span> <span class='ocrx_word' id='word_1_158' title='bbox 642 3715 684 3759; x_wconf 87' lang='lat' dir='ltr'>ne</span> <span class='ocrx_word' id='word_1_159' title='bbox 700 3716 787 3759; x_wconf 87' lang='lat' dir='ltr'>uxor</span> <span class='ocrx_word' id='word_1_160' title='bbox 801 3693 913 3779; x_wconf 70' lang='lat' dir='ltr'>aliqua</span> <span class='ocrx_word' id='word_1_161' title='bbox 928 3696 993 3760; x_wconf 93' lang='lat' dir='ltr'>hoc</span> <span class='ocrx_word' id='word_1_162' title='bbox 1009 3695 1166 3761; x_wconf 70' lang='lat' dir='ltr'>resciscat</span> <span class='ocrx_word' id='word_1_163' title='bbox 1181 3717 1273 3761; x_wconf 89' lang='lat' dir='ltr'>mea:</span> 
     </span>
     <span class='ocr_line' id='line_1_27' title="bbox 434 3796 1510 3884; baseline 0.004 -23"><span class='ocrx_word' id='word_1_164' title='bbox 434 3796 536 3880; x_wconf 89' lang='lat' dir='ltr'>Quod</span> <span class='ocrx_word' id='word_1_165' title='bbox 552 3796 581 3862; x_wconf 83' lang='lat' dir='ltr'>si</span> <span class='ocrx_word' id='word_1_166' title='bbox 597 3797 642 3874; x_wconf 88' lang='lat' dir='ltr'>fit,</span> <span class='ocrx_word' id='word_1_167' title='bbox 660 3809 696 3863; x_wconf 89' lang='lat' dir='ltr'>ut</span> <span class='ocrx_word' id='word_1_168' title='bbox 711 3820 765 3863; x_wconf 90' lang='lat' dir='ltr'>me</span> <span class='ocrx_word' id='word_1_169' title='bbox 781 3796 949 3863; x_wconf 71' lang='lat' dir='ltr'>exciitiam</span> <span class='ocrx_word' id='word_1_170' title='bbox 966 3810 1065 3884; x_wconf 88' lang='lat' dir='ltr'>atque</span> <span class='ocrx_word' id='word_1_171' title='bbox 1082 3798 1234 3883; x_wconf 70' lang='lat' dir='ltr'>egrediar</span> <span class='ocrx_word' id='word_1_172' title='bbox 1249 3801 1361 3877; x_wconf 89' lang='lat' dir='ltr'>domo,</span> <span class='ocrx_word' id='word_1_173' title='bbox 1478 3822 1510 3858; x_wconf 84' lang='lat'>20</span> 
     </span>
     <span class='ocr_line' id='line_1_28' title="bbox 434 3899 1273 3985; baseline 0.001 -20"><span class='ocrx_word' id='word_1_174' title='bbox 434 3902 472 3965; x_wconf 93' lang='lat' dir='ltr'>ld</span> <span class='ocrx_word' id='word_1_175' title='bbox 488 3902 605 3978; x_wconf 74' lang='lat' dir='ltr'>restat;</span> <span class='ocrx_word' id='word_1_176' title='bbox 620 3923 710 3983; x_wconf 32' lang='lat' dir='ltr'>‘nam</span> <span class='ocrx_word' id='word_1_177' title='bbox 726 3923 791 3985; x_wconf 83' lang='lat' dir='ltr'>ego</span> <span class='ocrx_word' id='word_1_178' title='bbox 807 3899 958 3966; x_wconf 74' lang='lat' dir='ltr'>merirum</span> <span class='ocrx_word' id='word_1_179' title='bbox 974 3902 1153 3968; x_wconf 75' lang='lat' dir='ltr'>solussrim</span> <span class='ocrx_word' id='word_1_180' title='bbox 1171 3925 1273 3969; x_wconf 89' lang='lat' dir='ltr'>meus.</span> 
     </span>
     <span class='ocr_line' id='line_1_29' title="bbox 204 4004 1274 4085; baseline 0.007 -18"><span class='ocrx_word' id='word_1_181' title='bbox 204 4032 218 4054; x_wconf 55' lang='grc' dir='ltr'><strong>ν</strong></span> <span class='ocrx_word' id='word_1_182' title='bbox 346 4004 413 4068; x_wconf 79' lang='grc' dir='ltr'>ΒΕ.</span> <span class='ocrx_word' id='word_1_183' title='bbox 435 4004 514 4070; x_wconf 89' lang='lat' dir='ltr'>Scio</span> <span class='ocrx_word' id='word_1_184' title='bbox 531 4007 576 4069; x_wconf 90' lang='lat' dir='ltr'>ita</span> <span class='ocrx_word' id='word_1_185' title='bbox 591 4006 673 4081; x_wconf 74' lang='lat' dir='ltr'>esse,</span> <span class='ocrx_word' id='word_1_186' title='bbox 689 4016 723 4070; x_wconf 91' lang='lat' dir='ltr'>et</span> <span class='ocrx_word' id='word_1_187' title='bbox 738 4007 840 4071; x_wconf 91' lang='lat' dir='ltr'>istaec</span> <span class='ocrx_word' id='word_1_188' title='bbox 856 4005 936 4070; x_wconf 87' lang='lat' dir='ltr'>mihi</span> <span class='ocrx_word' id='word_1_189' title='bbox 954 4029 1005 4071; x_wconf 90' lang='lat' dir='ltr'>res</span> <span class='ocrx_word' id='word_1_190' title='bbox 1021 4005 1274 4085; x_wconf 71' lang='lat' dir='ltr'>sollicitiidinist,</span> 
     </span>
     <span class='ocr_line' id='line_1_30' title="bbox 433 4107 1174 4195; baseline 0.001 -21"><span class='ocrx_word' id='word_1_191' title='bbox 433 4110 553 4193; x_wconf 85' lang='lat' dir='ltr'>Neque</span> <span class='ocrx_word' id='word_1_192' title='bbox 569 4109 744 4174; x_wconf 73' lang='lat' dir='ltr'>defetiscar</span> <span class='ocrx_word' id='word_1_193' title='bbox 758 4107 866 4194; x_wconf 70' lang='lat' dir='ltr'>iisque</span> <span class='ocrx_word' id='word_1_194' title='bbox 881 4113 966 4175; x_wconf 90' lang='lat' dir='ltr'>adeo</span> <span class='ocrx_word' id='word_1_195' title='bbox 983 4110 1174 4195; x_wconf 85' lang='lat' dir='ltr'>experirier,</span> 
     </span>
     <span class='ocr_line' id='line_1_31' title="bbox 260 4210 1226 4299; baseline 0.004 -22"><span class='ocrx_word' id='word_1_196' title='bbox 260 4213 323 4277; x_wconf 90' lang='grc'>590</span> <span class='ocrx_word' id='word_1_197' title='bbox 434 4214 553 4279; x_wconf 76' lang='lat' dir='ltr'>Donec</span> <span class='ocrx_word' id='word_1_198' title='bbox 568 4213 628 4278; x_wconf 88' lang='lat' dir='ltr'>tibi</span> <span class='ocrx_word' id='word_1_199' title='bbox 644 4214 678 4279; x_wconf 90' lang='lat' dir='ltr'>id</span> <span class='ocrx_word' id='word_1_200' title='bbox 694 4215 785 4298; x_wconf 90' lang='lat' dir='ltr'>quod</span> <span class='ocrx_word' id='word_1_201' title='bbox 801 4210 967 4299; x_wconf 85' lang='lat' dir='ltr'>p6llicitus</span> <span class='ocrx_word' id='word_1_202' title='bbox 982 4235 1057 4280; x_wconf 89' lang='lat' dir='ltr'>sum</span> <span class='ocrx_word' id='word_1_203' title='bbox 1073 4217 1226 4282; x_wconf 79' lang='lat' dir='ltr'>effecero.</span> 
     </span>
    </p>
   </div>
   <div class='ocr_carea' id='block_1_7' title="bbox 0 0 1684 5098">
    <p class='ocr_par' dir='ltr' id='par_1_7' title="bbox 0 0 1684 5098">
     <span class='ocr_line' id='line_1_32' title="bbox 0 0 1684 5098; baseline 0 0"><span class='ocrx_word' id='word_1_204' title='bbox 0 0 1684 5098; x_wconf 95' lang='lat' dir='ltr'> </span> 
     </span>
    </p>
   </div>
  </div>
 </body>
</html>
