3412 5100
245 456 288 534 98
667 453 852 510 TEREN'I'I
881 457 1082 512 PHORMIO.

355 639 420 706 NA.
447 639 537 724 Quid
569 663 634 726 ego
662 663 772 728 aequo
800 645 934 710 animo?
965 641 1065 730 eripio
1089 645 1210 710 misera
1233 645 1266 710 in
1289 643 1352 711 hac
1375 667 1409 711 re

507 746 572 810 iam
589 743 780 830 defdngier;

444 848 511 916 Sed
528 850 584 934 qui
602 849 637 914 id
654 859 807 936 sperem?
827 849 935 917 aetate
951 872 1052 937 porro
1070 850 1178 916 minus
1194 851 1410 938 peccaturrim

505 961 643 1038 putem?

442 1055 514 1122 Idm
538 1067 609 1124 tum
633 1070 705 1125 erat
726 1060 839 1134 senex,
860 1070 1015 1125 senectus
1038 1058 1067 1124 si
1091 1058 1298 1124 uerecundds
1321 1059 1409 1126 facit.

440 1149 497 1226 Ᾱιι
528 1182 603 1226 mea
633 1162 741 1226 forma
772 1172 871 1247 atque
896 1164 986 1228 aetas
1010 1184 1097 1228 nunc
1121 1163 1227 1247 magis
1249 1164 1407 1248 dxpeten-
1463 1183 1496 1237 35

505 1267 590 1341 dast,
605 1266 800 1351 Demipho?

246 1369 329 1432 1025
442 1367 534 1452 Quid
565 1372 609 1434 mi
637 1370 691 1434 hic
716 1371 836 1447 adfers,
863 1390 964 1456 quam
990 1369 1034 1436 db
1058 1392 1128 1434 rem
1151 1380 1330 1454 expectem
1354 1381 1410 1437 aut

505 1474 638 1557 sperem
654 1494 756 1558 porro
772 1471 838 1539 ndn
854 1474 948 1539 sore?
1067 1553 1069 1558 Ι

354 1575 417 1641 ΡΗ.
443 1563 632 1661 Exsequias
650 1634 652 1641 .
669 1577 839 1643 Chremeti
871 1579 994 1662 quibus
1024 1587 1075 1642 est
1105 1575 1321 1643 cdmmodum
1352 1579 1407 1653 ire,

505 1702 559 1745 em
575 1682 707 1766 tdmpus
723 1693 783 1748 est

441 1783 496 1850 Src
527 1785 633 1850 dabo:
668 1806 731 1868 age
760 1806 860 1863 nunc,
889 1783 1124 1850 Phdrmionem
1155 1784 1213 1870 qui
1243 1786 1336 1851 uolet
1364 1785 1410 1850 la·

506 1889 643 1954 cessitoz

440 1989 536 2056 Faxo
565 1993 623 2058 tali
654 1991 696 2059 sit
726 2003 890 2060 mactatus
920 1992 1023 2079 atque
1054 1994 1109 2059 hic
1139 2003 1190 2058 est
1217 1989 1407 2058 insortr'rnio.

353 2099 421 2164 DE.
446 2099 464 2134 ¹*
480 2079 623 2175 O'bsecra
639 2121 679 2163 nc
692 2100 758 2164 tdm
769 2101 925 2164 saevieris
937 2100 1048 2165 minue
1058 2101 1145 2165 iram
1158 2099 1388 2166 Nausistrata.

348 2203 417 2287 ⁴PH.
442 2203 573 2267 Redeat
601 2223 680 2267 sane
712 2204 745 2266 in
775 2201 916 2286 gritiam
947 2205 1030 2268 iam:
1072 2201 1216 2287 sdpplici
1247 2203 1326 2267 satis
1355 2203 1406 2269 est
1459 2227 1493 2276 40

484 2306 575 2372 mihi.

242 2409 325 2473 1030
437 2406 550 2473 Habet
574 2409 658 2474 haec
681 2414 713 2473 e'1'
736 2407 836 2494 qudd,
860 2410 941 2475 dum
965 2409 1067 2486 uiuat,
1092 2406 1198 2494 dsque
1223 2409 1265 2472 ad
1289 2429 1403 2473 aurem

502 2508 695 2596 obganniat.

347 2617 413 2680 NA.
437 2603 486 2680 At
509 2636 585 2680 meo
609 2617 728 2680 merito
751 2617 862 2682 credo.
888 2617 969 2701 quid
994 2637 1060 2701 ego
1085 2615 1172 2681 minc
1196 2637 1402 2682 commemo·

501 2741 579 2794 rem,
596 2719 778 2804 Demipho,

435 2823 646 2906 Singulatim,
663 2821 769 2908 qualis
785 2844 850 2906 ego
874 2824 906 2888 in
931 2824 1019 2888 hunc
1042 2822 1183 2891 fuerim?
1228 2827 1296 2890 DE.
1313 2827 1403 2891 Noui

500 2948 605 3012 aeque
620 2925 732 2991 dmnia

433 3033 571 3097 Tecum.
631 3032 697 3095 ΝΑ.
737 3033 860 3096 Merito
890 3031 956 3097 hoc
988 3031 1063 3098 med
1093 3034 1227 3099 uidetur
1256 3032 1403 3099 sactum?

499 3139 566 3202 DE.
590 3137 742 3201 Minume
758 3137 917 3220 gentium.

432 3241 558 3306 Verum
590 3241 656 3305 iam
687 3240 823 3325 quando
845 3239 1036 3307 accusando
1059 3241 1130 3307 fieri
1153 3242 1313 3307 iniectum
1337 3240 1403 3306 ndu
1459 3266 1491 3319 rs

500 3355 620 3428 potest,

240 3451 322 3516 1035
435 3435 595 3532 Ignosce:
623 3460 697 3515 orat
713 3448 890 3516 cdnfitetur
904 3448 1041 3536 pdrgat:
1069 3452 1217 3536 quiduis
1237 3449 1403 3536 implius?

347 3555 410 3619 ΡΗ.
436 3541 536 3617 Enim
568 3575 648 3618 uero
681 3556 772 3638 prius
804 3576 906 3640 quam
937 3555 1020 3620 haec
1057 3556 1115 3621 dat
1147 3556 1291 3634 ueniam,
1322 3554 1403 3620 mihi

498 3659 702 3742 prospiciam
720 3671 754 3724 et
769 3660 960 3726 Phaedriae.

435 3759 529 3826 Heds
575 3761 793 3838 Nausistrata,
833 3765 924 3847 prius
963 3785 1064 3848 quam
1103 3763 1180 3828 huic
1220 3761 1402 3848 respdndes

499 3877 634 3942 temere,
652 3866 738 3932 audi
785 3867 852 3932 NA.
878 3867 968 3950 Quid
984 3874 1056 3933 est?
1079 3873 1081 3878 ’

347 3971 410 4036 PH.
436 3957 512 4053 Ego
537 3972 643 4036 minas
666 3969 801 4054 triginta
822 3991 884 4054 per
907 3969 1070 4036 fallaiciam
1090 3970 1132 4036 ab
1158 3972 1234 4036 illoc
1259 3969 1398 4037 dbstuli:

435 4074 502 4140 Eas
533 4076 610 4140 dedi
641 4086 700 4141 tuo
731 4073 851 4159 guito:
894 4075 920 4138 is
955 4097 1017 4160 pro
1051 4097 1110 4140 sua
1146 4075 1253 4140 amica
1289 4073 1402 4140 lenoni
1460 4098 1491 4150 50

499 4180 600 4243 dedit.

581 4295 599 4330 ¹*
614 4295 724 4346 Versum
735 4294 867 4360 suppleuit
878 4295 931 4346 Iac.
943 4295 985 4346 Br.
999 4295 1157 4347 Gronouius.
