3412 5100
238 465 279 528 88
656 458 841 512 Tanaum
870 458 1071 513 Puonuro.

325 648 389 714 CH.
411 649 514 714 Estne
531 647 576 712 ita
591 648 644 713 uti
657 649 728 712 dixi
745 646 910 712 liberalis?
948 647 1015 710 DE·
1040 628 1190 731 Oppido.

411 750 584 835 Quantdrn
601 761 722 836 potest,
741 772 828 815 nnnc
844 749 1112 816 cdnueniundust
1127 749 1294 827 Phdrmio,

408 857 501 920 Prius
518 853 618 940 qudm
634 856 795 940 dilapidat
811 853 938 919 nostras
954 852 1090 937 triginta
1106 856 1212 918 minas

409 961 456 1025 Vt
471 957 668 1024 adferamus.
709 961 772 1024 ΡΗ.
797 959 1046 1040 Demiphonem
1063 958 1091 1022 si
1107 959 1232 1022 domist

237 1066 299 1128 000
408 1065 534 1140 Visam,
566 1062 602 1128 tt
638 1064 730 1148 quod
763 1114 770 1129 .
804 1109 811 1126 .
844 1065 909 1128 DE.
949 1063 999 1129 At
1029 1083 1091 1127 nos
1121 1060 1164 1125 td
1195 1073 1228 1126 te
1261 1062 1399 1136 ibamus,

476 1167 641 1232 Phormio.

323 1272 384 1336 ΡΗ.
407 1273 460 1335 De
490 1275 609 1337 eadem
644 1269 708 1335 haic
748 1270 887 1336 sortasse
918 1267 1039 1335 carisa?
1085 1271 1151 1334 DE.
1193 1268 1246 1334 Ita
1277 1269 1398 1333 hercle.

476 1377 538 1440 ΡΗ.
564 1376 718 1440 Credidi:

410 1477 501 1561 Quid
532 1477 576 1544 td
606 1501 660 1543 me
691 1480 810 1543 ibatis?
870 1479 936 1542 DE.
977 1476 1180 1542 Ridiculum.
1242 1478 1305 1541 PH.
1344 1477 1400 1541 An

475 1581 637 1647 rebdmini

409 1685 552 1751 Menon
569 1688 601 1751 id
618 1688 732 1763 facere,
749 1684 839 1770 qudd
856 1686 1057 1769 recepissem
1073 1685 1198 1749 semel?

412 1790 517 1866 Heus,
557 1788 682 1874 quanta
724 1801 849 1875 quanta
889 1789 973 1855 haec
1012 1789 1086 1853 mea
1122 1798 1303 1873 paupertas
1339 1789 1398 1864 est,
1460 1810 1488 1845 10

477 1905 589 1958 tamen

414 1997 539 2062 Adhuc
579 2000 693 2063 curaui
733 2020 836 2062 unum
883 1995 946 2062 hdc
983 1998 1130 2081 quidem,
1163 2007 1200 2062 ut
1236 1997 1281 2059 mi
1314 1996 1401 2060 esset

477 2103 571 2166 fides.

410 2207 517 2290 quue
533 2204 618 2270 adeo
636 2207 734 2270 uenio
752 2202 949 2278 nuntiatum.
967 2205 1149 2288 Demipho

411 2307 565 2374 Pardtum
581 2330 635 2373 me
651 2329 744 2373 esse:
770 2310 825 2374 ubi
844 2308 950 2382 udltis,
969 2309 1111 2372 uxorem
1127 2310 1213 2372 date.

409 2414 498 2477 Nam
515 2412 623 2476 omnis
639 2414 819 2497 posthabui
837 2411 917 2477 mihi
934 2434 995 2486 τες,
1012 2414 1058 2477 ita
1074 2413 1120 2477 uti
1138 2410 1199 2496 par
1214 2412 1285 2489 fuit,
1458 2435 1486 2487 15

411 2519 592 2601 Postquam
622 2515 656 2582 id
686 2527 780 2582 tanto
811 2539 913 2601 opere
945 2515 1005 2582 uds
1037 2518 1122 2581 uelle
1158 2517 1304 2581 animum
1342 2517 1399 2581 ad-

476 2619 652 2686 udrteram.

238 2727 299 2788 910
324 2727 390 2790 DE.
412 2726 461 2789 At
476 2723 530 2789 hic
547 2725 743 2791 dehortatus
759 2726 809 2790 est
825 2746 889 2799 me,
907 2746 948 2788 ne
965 2725 1054 2789 illam
1071 2724 1131 2790 tibi
1148 2726 1280 2789 darem:

410 2831 515 2892 ‘Nam
532 2827 590 2912 qui
606 2830 668 2893 erit
683 2850 796 2892 rumor
812 2827 948 2914 populi'
966 2831 1084 2913 inquit,
1107 2831 1152 2892 ‘si
1170 2831 1202 2892 id
1220 2829 1356 2894 sdceris?

410 2931 500 2998 Olim
518 2954 621 3016 quom
637 2934 776 2997 honeste
794 2931 911 3016 pdtuit,
927 2944 998 2997 tum
1016 2955 1082 2997 non
1098 2935 1148 2998 est
1164 2935 1262 2998 data:

294 3117 296 3119 Ι
409 3037 508 3100 Nunc
525 3035 661 3100 uiduam
678 3038 809 3101 extrudi
827 3035 980 3122 ttirpest'.
1005 3038 1109 3102 ferme
1134 3038 1251 3101 eadem
1276 3035 1398 3113 dmnia,
1457 3059 1488 3095 20

410 3139 507 3222 Quae
523 3138 593 3204 trite
609 3142 737 3204 dudum
753 3139 866 3204 cdram
883 3162 936 3205 me
953 3139 1174 3205 incusdueras.

237 3246 298 3308 915
323 3245 386 3308 ΡΗ.
410 3243 497 3308 Satis
521 3245 665 3328 superbe
689 3242 837 3309 inhiditis
861 3266 922 3308 me.
962 3247 1028 3310 DE.
1054 3244 1144 3328 Qui?
1175 3245 1239 3309 PH.
1264 3245 1400 3328 Rogas?

410 3347 499 3430 Quia
515 3369 556 3411 ne
572 3346 709 3412 alteram
727 3350 863 3432 quidem
880 3347 968 3413 illam
985 3360 1104 3433 potero
1120 3347 1258 3424 ddcere;

409 3453 497 3515 Nam
519 3450 586 3535 qud
608 3453 725 3516 redibo
744 3474 801 3517 ore
824 3450 867 3516 td
892 3473 966 3516 eam
990 3474 1092 3536 quam
1116 3453 1398 3535 contempserim?

324 3556 391 3621 CH.
411 3556 519 3619 ‘Tum
560 3565 673 3620 autem
710 3545 943 3641 Antiphonem
982 3555 1082 3621 uideo
1120 3558 1162 3620 ab
1198 3578 1271 3621 sese
1304 3555 1399 3621 amit·
1457 3580 1487 3631 ²5

477 3669 547 3724 tere

412 3762 560 3827 Inuitum
576 3764 669 3827 eam’
687 3765 797 3848 inque.
843 3766 908 3827 DE.
931 3765 1018 3828 Tum
1040 3762 1149 3828 autem
1173 3766 1273 3829 uideo
1294 3763 1398 3829 filium

236 3867 299 3931 020
412 3865 559 3931 inuitum
575 3888 654 3931 sane
671 3865 843 3932 mdlierem
859 3869 901 3930 ab
918 3889 953 3930 se
970 3867 1130 3933 amittere.

412 3971 477 4036 Sed
494 3969 595 4035 transi
610 3973 710 4036 sodes
726 3969 768 4035 dd
785 3973 894 4036 sorum
912 3981 1011 4055 atque
1029 3970 1108 4036 illud
1125 3973 1206 4036 mihi

410 4075 600 4157 Argentum
617 4097 747 4139 rursum
765 4073 842 4139 idbe
859 4077 1003 4151 rescribi,
1021 4074 1187 4141 Phormio

324 4181 386 4245 PH.
411 4178 557 4260 Quodne
573 4181 637 4263 ego
654 4179 806 4264 discripsi
822 4177 922 4263 pdrro
939 4180 1001 4244 illis
1018 4181 1139 4265 quibus
1155 4178 1277 4245 debui?
1455 4203 1486 4254 30
