3412 5100
241 477 294 544 ‘68
670 475 856 532 TERENTI
884 479 1086 535 PHORMIO.

339 667 407 733 (ΖΗ.
427 665 515 732 Nam
542 687 629 752 quae
655 666 739 732 haec
766 687 849 733 anus
867 678 927 744 est,
951 670 1142 735 exanimata
1165 691 1185 736 a
1207 669 1306 738 fratre
1329 693 1416 756 quae
1488 693 1503 748 ς

490 777 656 863 egressdst
671 785 769 844 meo?

339 894 400 960 So.
424 892 526 976 Quod
551 900 588 956 ut
610 889 754 955 iacerem
777 901 909 974 egestas
933 914 987 958 me
1011 891 1141 978 inpulit,
1165 915 1269 980 quom
1296 894 1415 960 scirem

490 1005 638 1070 infirmas
654 1001 787 1087 nuptias

426 1119 538 1184 Hasce
558 1119 640 1192 esse,
657 1125 694 1181 ut
715 1117 749 1180 id
771 1113 991 1193 considerem,
1009 1118 1135 1183 interea
1153 1118 1223 1183 uita
1239 1129 1275 1183 ut
1290 1119 1324 1183 in
1343 1117 1415 1184 tuto

490 1231 584 1295 soret.

252 1342 313 1408 735
338 1344 404 1409 (ΖΗ.
428 1343 526 1408 certe
547 1341 677 1424 edepol,
700 1340 762 1405 nisi
787 1360 841 1403 me
863 1338 994 1405 dnimus
1016 1341 1099 1407 saliit
1119 1339 1176 1407 adt
1194 1363 1314 1426 parum
1337 1363 1414 1426 pro-

489 1455 634 1540 spiciunt
649 1452 749 1526 oculi,

425 1568 523 1632 Meae
554 1568 717 1631 nutricem
744 1563 864 1650 gnatae
889 1567 1000 1630 uideo.
1048 1566 1108 1632 SO.
1141 1566 1261 1650 Neque
1286 1566 1340 1630 ille
1366 1567 1414 1631 in-

489 1677 682 1764 uestigdtur‚
721 1679 788 1744 CH.
813 1679 904 1761 Quid
921 1685 1008 1761 ago?

337 1793 396 1858 So,
422 1793 490 1875 Qui
512 1794 563 1857 est
585 1793 656 1856 eius
679 1802 782 1875 pater.
830 1790 897 1855 CH.
928 1778 1040 1865 Ᾱάεο,
1065 1811 1194 1866 maneo,
1219 1792 1300 1856 dum
1331 1791 1413 1855 haec
1474 1813 1502 1848 10

487 1925 573 1988 quae
590 1906 737 1988 loquitur
753 1901 859 1988 magis
875 1909 1069 1986 cognosco?

337 2018 396 2084 So,
422 2015 522 2099 Quod
546 2018 572 2081 si
596 2037 673 2080 eum
697 2036 785 2080 nunc
810 2015 955 2100 reperire
979 2016 1118 2100 possim,
1143 2013 1224 2080 nihii
1247 2025 1299 2080 est
1321 2017 1413 2101 quod

488 2126 613 2194 uereir.
660 2129 727 2194 CH.
752 2129 835 2193 East
850 2129 940 2213 ipsa:

423 2239 624 2325 Cdnioquar.
670 2240 731 2305 SO.
756 2239 841 2323 Quis
862 2241 916 2305 hic
938 2239 1105 2325 loquitur?
1133 2241 1199 2307 CH.
1224 2240 1410 2326 Sophrona

488 2353 547 2418 So.
573 2340 618 2418 Et
634 2374 746 2417 meum
763 2374 885 2417 nomen
903 2351 1072 2419 nominat?

250 2464 311 2535 740
336 2467 399 2532 CH.
422 2467 565 2550 Respice
596 2466 638 2530 ad
670 2486 734 2530 me.
781 2465 841 2530 So,
882 2467 926 2528 Di
956 2464 1097 2531 obsecro
1129 2487 1201 2543 uos,
1233 2469 1326 2532 estne
1357 2468 1412 2532 hic

488 2577 616 2660 Stilpo?
639 2577 706 2643 (ΖΗ.
730 2575 818 2641 Non.
844 2576 904 2642 So,
928 2578 1065 2661 Negas?

335 2692 400 2757 CH.
421 2689 578 2756 Concede
607 2690 686 2754 hinc
717 2711 736 2755 a
771 2687 896 2755 idribus
931 2692 1068 2774 paulum
1108 2691 1262 2757 istdrsum
1300 2693 1410 2767 sodes,

485 2800 673 2887 Sophrona.

418 2917 472 2980 Ne
484 2935 537 2978 me
553 2912 637 2979 istoc
653 2914 795 2998 posthac
811 2912 944 2980 ndmine
961 2916 1165 3001 appeildssis.
1211 2918 1271 2983 SO.
1297 2917 1411 3000 Quid?
1470 2938 1499 2991 ¹5

485 3048 552 3090 non
568 3025 708 3091 obsecro
725 3049 761 3091 es

420 3139 532 3222 Quem
553 3140 686 3223 semper
706 3149 739 3204 te
761 3161 834 3204 esse
853 3139 1032 3206 dictitasti?
1061 3141 1126 3207 CH.
1152 3141 1208 3220 St'.
1233 3142 1294 3207 So.
1319 3141 1411 3224 Quid

484 3252 544 3315 has
561 3249 680 3315 metuis
697 3251 806 3316 sores?

332 3365 400 3432 CH.
424 3360 625 3429 Concidsam
649 3363 703 3427 hic
722 3366 833 3429 habeo
856 3364 994 3431 uxorem
1016 3387 1159 3431 saeuam.
1184 3367 1299 3431 uerum
1326 3367 1410 3431 istoc

485 3497 537 3540 me
554 3473 687 3540 nomine

245 3589 306 3657 745
418 3590 470 3654 Eo
487 3590 664 3673 perperam
680 3591 760 3655 oiim
777 3589 859 3667 dixi,
873 3612 914 3655 ne
927 3612 988 3656 uos
999 3589 1081 3656 sorte
1098 3591 1313 3676 inprudentes
1330 3591 1409 3655 ioris

418 3701 615 3767 Efidttiretis
645 3701 746 3786 atque
777 3704 810 3768 id
841 3725 942 3787 porro
979 3704 1090 3787 aliqua
1125 3701 1212 3767 dxor
1246 3724 1321 3767 mea
1359 3724 1418 3766 re·-

483 3814 649 3881 scisceret.

332 3928 394 3994 So.
419 3926 507 3992 istdc
538 3928 595 4012 poi
626 3949 687 3993 nos
717 3937 751 3992 te
781 3927 835 3992 hic
866 3927 1014 3993 inuenire
1048 3927 1187 3993 miserae
1224 3949 1407 4012 numquam
1465 3951 1496 3988 20

483 4039 663 4128 pdtuimus

332 4155 399 4220 CH.
422 4151 561 4218 Ehodic
570 4153 750 4237 mihi‚quid
761 4152 809 4217 rei
817 4152 910 4218 tibist
919 4172 996 4217 cum
1007 4151 1203 4218 idmiiiahac
1214 4154 1302 4217 unde
1312 4153 1406 4218 exis?
