3412 5100
261 494 303 570 84
678 489 863 544 TERENTI
891 490 1094 545 PHORMIO.

348 682 408 746 PH.
434 679 524 766 Quin
554 692 590 746 tu
621 681 700 746 hinc
731 679 987 765 pollicitdtiones
1025 680 1115 746 arifer
1156 691 1189 746 et
1227 682 1318 764 quod
1361 679 1424 745 fers

499 781 595 844 cedo.
642 778 704 842 GE.
730 778 795 854 Oh,
1130 795 1136 810 ¹

432 875 483 941 Tri
506 897 643 960 quoque
667 876 794 950 aderas,
820 874 997 941 Phormio?
1030 877 1092 941 PH.
1115 876 1275 940 Aderam.
1307 875 1366 939 sed
1389 885 1424 938 tu

443 1053 455 1067 ‚
501 980 633 1039 cessas?
664 972 728 1037 GE.
753 961 894 1058 Accipe,
911 994 986 1038 em:

433 1073 480 1138 Vt
524 1075 627 1136 modo
672 1068 848 1154 argentim
880 1072 945 1148 ,tibi
985 1072 1139 1135 dedimus
1177 1068 1267 1154 dpud
1304 1070 1424 1143 forum,

500 1170 589 1235 recti
605 1172 744 1234 domum

261 1267 322 1329 860
434 1265 557 1332 Simus
583 1265 743 1352 profecti;
770 1267 895 1332 interea
922 1267 1022 1330 mittit
1048 1265 1122 1329 erus
1148 1285 1202 1328 me
1227 1265 1268 1328 ad
1292 1264 1428 1327 uxorem
1483 1285 1512 1320 20

420 1427 423 1436 ,
499 1376 601 1429 tuam.

347 1460 417 1525 AN.
440 1461 552 1544 Quam
575 1461 619 1526 ob
643 1470 734 1528 rem?
763 1462 825 1527 GE.
851 1461 981 1527 Omitto
1006 1458 1177 1544 proloqui;
1214 1480 1290 1522 nam
1315 1456 1359 1521 nil
1382 1459 1425 1521 ad

447 1637 458 1650 ,
502 1560 588 1623 hanc
605 1580 674 1623 rem
691 1571 751 1635 est,
767 1549 932 1644 Antipho.

434 1657 501 1720 Vbi
537 1658 570 1720 in
602 1677 810 1739 gynaeceum
841 1656 888 1722 ire
918 1657 1061 1740 occipio,
1095 1652 1178 1738 piier
1209 1655 1252 1716 ad
1283 1673 1337 1716 me
1369 1653 1425 1715 ad-

501 1752 602 1818 currit
627 1755 729 1829 Mida,

435 1849 523 1913 Pone
532 1852 669 1932 prendit
685 1850 796 1934 pdllio,
815 1851 1004 1935 resupinat:
1030 1847 1181 1933 respicio,
1201 1869 1285 1930 rogo

436 1946 547 2028 Quam
574 1946 617 2010 db
646 1969 715 2011 rem
748 1946 887 2013 retinedt
912 1970 982 2012 me:
1010 1949 1055 2012 ait
1079 1968 1151 2011 esse
1176 1947 1316 2010 uetitum
1341 1945 1427 2009 intro

501 2046 543 2107 ad
560 2065 651 2108 eram
668 2046 837 2110 accedere.

414 2140 635 2234 '‘Sophrona
666 2143 768 2205 modo
796 2140 930 2207 fraitrem
953 2142 1037 2205 huc'
1063 2143 1170 2226 inquit
1193 2142 1300 2206 ‘senis
1324 2142 1425 2207 intro·
1484 2159 1514 2212 25

502 2237 599 2303 duxit
614 2239 793 2303 Chremem
806 2237 833 2318 ';

437 2333 593 2418 Eiimque
624 2357 712 2399 nunc
743 2357 815 2401 esse
847 2335 935 2401 intus
966 2357 1043 2399 cum
1074 2337 1147 2400 illis.
1179 2335 1244 2400 hdc
1275 2335 1332 2400 ubi
1363 2356 1428 2418 ego

481 2433 604 2508 audiui,
620 2431 663 2496 dd
680 2433 768 2497 fores

438 2527 608 2612 Srispenso
636 2528 740 2612 gradr'r
769 2530 900 2614 placide
928 2531 973 2593 ire
999 2531 1142 2614 perrexi,
1171 2531 1306 2606 accessi,
1330 2528 1428 2602 dstiti,

382 2667 383 2672 κ
437 2615 597 2690 Animam
635 2629 828 2710 compressi,
861 2625 974 2692 arirem
1011 2629 1166 2692 admoui:
1204 2630 1249 2692 ita
1281 2626 1430 2691 inimum

504 2725 602 2808 coepi
628 2726 808 2799 attendere,

439 2818 515 2883 Hoc
555 2822 658 2885 modo
700 2820 887 2885 sermonem
925 2831 1074 2905 captans
1137 2823 1200 2885 PH.
1241 2819 1303 2896 Eri,
1335 2820 1429 2885 Geta.

460 2959 461 2962 =
505 2917 568 2982 GE.
594 2919 660 2982 Hic
677 2919 939 3001 pulcherrimum

266 3015 328 3082 870
439 3013 582 3078 chinus
618 3017 750 3079 audiui:
789 3015 901 3100 itaque
942 3035 1049 3099 paene
1089 3013 1200 3080 hercle
1242 3014 1428 3078 exclamani
1487 3035 1518 3087 30

506 3110 639 3193 garidio.

351 3208 419 3272 AN.
445 3207 567 3290 Quod?
626 3209 688 3272 GE.
724 3209 826 3292 Quod
858 3230 934 3273 nam
966 3207 1146 3274 arbitreire?
1189 3209 1259 3273 AN.
1298 3209 1430 3270 Nescio.

505 3304 569 3368 GE.
594 3294 701 3389 Atqui
718 3305 1017 3370 mirificissumum:

443 3400 581 3466 Pdtrnos
611 3414 686 3467 tuos
710 3401 877 3488 estpdter
900 3405 1055 3468 inuentus
1078 3400 1204 3466 Phinio
1228 3401 1327 3465 uxori
1345 3412 1431 3465 tuae.

507 3500 575 3566 AN.
605 3495 742 3588 [Hem]
1025 3515 1027 3519 ’

442 3596 533 3680 Quid
566 3599 636 3662 ats?
676 3598 737 3662 GE.
777 3597 864 3662 Cum
896 3599 966 3662 eius
997 3597 1172 3662 consueuit
1208 3599 1288 3660 olim
1329 3594 1432 3660 mitre

508 3696 540 3758 in
557 3697 686 3759 Lemno
704 3694 898 3759 clinculrrm.
1262 3780 1264 3784 Ι

357 3795 419 3858 PH.
443 3791 642 3858 Somnium:
681 3795 771 3856 utine
818 3793 901 3856 haec
940 3791 1108 3874 ignoraret
1146 3790 1242 3856 suom
1282 3797 1432 3875 patrem?

508 3890 570 3954 GE.
597 3891 736 3972 Aliquid
753 3891 889 3964 credito

271 3988 332 4055 875
445 3985 843 4061 Phormi0,essecar'rsae.
876 3987 1005 4050 sed'me
1022 3989 1141 4051 censen
1160 3987 1309 4070 potuisse
1321 3983 1434 4048 omnia
1491 4005 1521 4058 35

445 4069 642 4166 intellegere
674 4093 765 4148 extra
790 4082 923 4158 dstium,
948 4085 1035 4148 intus
1060 4105 1145 4168 quae
1167 4083 1251 4148 inter
1273 4104 1345 4147 sese
1370 4083 1433 4166 ipsi

512 4183 660 4264 egerint?
