3358 5098
109 571 113 578 '
242 568 286 618 20
662 546 847 602 TERENTI
875 545 1076 603 PHORM10.

330 751 394 816 ΡΗ.
419 749 571 818 Memini.
617 747 682 817 Gn.
707 736 783 827 Em,
800 770 888 814 nunc
908 750 1012 834 ipsast
1027 746 1123 833 opus,
1136 770 1177 815 ea
1197 759 1262 828 aut,
1280 749 1403 838 siquid

417 864 607 1023 Meligrteesgi
622 954 802 1022 callidiore.
848 958 912 1022 PH.
936 957 1011 1022 Fiet
1025 957 1151 1024 sedulo.
1460 977 1493 1033 50

329 1062 391 1130 GE.
416 1063 516 1130 Nunc
532 1059 625 1147 prior
640 1063 731 1128 adito
747 1072 794 1138 tu,
810 1061 876 1144 ego
892 1062 926 1126 in
942 1063 1068 1128 insidiis
1084 1059 1138 1126 hie
1154 1083 1213 1127 ero

243 1168 305 1232 230
419 1167 707 1242 Subcenturiatus
725 1163 753 1232 si
768 1165 850 1250 quid
866 1164 1011 1232 deficiis.
1058 1165 1121 1230 ΡΗ.
1144 1163 1232 1248 Age.

526 1502 704 1566 Domino
810 1498 1004 1562 Pnnnnnrn
1107 1496 1209 1562 Geni

564 1632 666 1674 SENEX
809 1628 1010 1670 Anvnuscurts
1099 1628 1214 1672 SERVOS

322 1779 390 1846 DE.
414 1763 509 1846 itane
525 1779 662 1846 tandem
679 1776 821 1842 uxorem
837 1777 935 1842 duxit
949 1762 1103 1858 Antipho
1121 1773 1245 1841 iniussd
1263 1781 1362 1841 meo?
1422 1774 1457 1839 11
1477 1794 1488 1840 1

414 1884 486 1948 Nec
503 1904 616 1947 meum
633 1883 819 1966 imperium,
837 1901 876 1945 ac
892 1877 989 1944 mitto
1008 1879 1196 1964 imperium,
1213 1876 1279 1948 ηόιι
1294 1879 1406 1944 simul·

480 1988 583 2054 tatem
600 2007 710 2051 meam

415 2092 574 2158 Reuereri
607 2091 742 2156 saltem!
784 2088 851 2155 ndn
881 2089 1027 2174 pudere!
1069 2109 1091 2154 o
1121 2086 1249 2157 sicinus
1280 2089 1403 2160 audax,

480 2195 612 2262 dGeta

415 2299 583 2366 Monitdri
630 2299 694 2366 GE.
717 2301 786 2366 Vix
801 2301 948 2368 tandem.
993 2298 1061 2361 DE.
1087 2295 1179 2380 Quid
1195 2297 1278 2363 mihi
1293 2298 1406 2364 dicent

481 2404 538 2470 adt
553 2425 655 2490 quam
670 2425 804 2469 eausam
822 2404 1012 2487 reperient?

242 2509 303 2574 235
415 2508 581 2574 Demiror.
620 2508 684 2572 GE·
707 2508 813 2592 Atqui
826 2507 1007 2592 reperiam:
1034 2505 1124 2573 aliud
1137 2503 1224 2575 crire.
1261 2506 1329 2573 Du.
1347 2505 1404 2572 An
1479 2526 1493 2582 s

480 2614 546 2679 hoe
562 2613 651 2678 dicet
666 2612 765 2676 mihi:

415 2717 561 2783 ‘Inuitus
574 2718 647 2782 feci.
683 2716 899 2799 lexcoegit'?
922 2714 1031 2792 aridio,
1045 2714 1159 2783 fateor.
1193 2715 1257 2783 GE.
1278 2716 1402 2784 Places.

326 2825 393 2890 DE.
415 2820 542 2887 Verdm
558 2823 728 2897 scientem,
744 2819 883 2886 tdcitum
899 2841 1034 2886 causam
1049 2820 1180 2886 tridere
1196 2820 1404 2895 aduorsdriis

414 2923 569 2991 Etiimne
586 2927 618 2989 id
636 2926 692 2989 lex
707 2921 841 3008 coegit?
880 2924 944 2987 ΡΗ.
967 2926 1054 2990 illud
1070 2923 1201 2992 durum.
1241 2923 1306 2992 GE.
1327 2925 1403 3008 Ego

479 3027 678 3113 expediam:
706 3030 785 3094 sine.

328 3136 393 3200 DE.
418 3135 620 3199 Incertumst
649 3135 730 3217 quid
761 3153 871 3216 agam,
903 3132 982 3218 quia
1012 3143 1144 3219 praeter
1173 3155 1270 3218 spem
1303 3143 1403 3218 atque

479 3236 673 3303 Incredibile
698 3238 764 3302 hoc
790 3239 836 3302 mi
860 3236 998 3320 obtigit:

239 3343 301 3408 240
370 3343 423 3410 Ita
444 3363 518 3409 sum
543 3341 704 3418 inritatuS,
721 3341 871 3408 dnimum
891 3350 929 3405 ut
947 3362 1112 3425 nequeam
1128 3342 1169 3405 ad
1186 3339 1402 3424 edgitandum
1462 3363 1492 3401 ιο

481 3446 661 3512 instituere.

412 3551 526 3636 Quam
560 3552 605 3615 ob
637 3572 707 3616 rem
741 3549 860 3627 omnis,
892 3573 997 3636 quom
1032 3548 1198 3616 secdndae
1237 3572 1289 3616 res
1326 3561 1403 3616 sunt

479 3653 647 3732 mdxume,
669 3667 741 3721 tum
767 3654 926 3719 mdxume

412 3757 570 3826 Meditdri
587 3781 701 3826 secum
717 3758 860 3846 oportet,
877 3781 945 3844 quo
962 3767 1062 3844 paeto
1078 3757 1256 3824 iduorsam
1273 3778 1401 3824 aerum-

418 3909 421 3924 .
478 3863 556 3928 nim
572 3865 694 3930 serant:

417 3965 571 4054 [Pericla‚
611 3971 743 4044 damna,
782 3969 883 4033 exilia
921 3988 1058 4051 peregre
1101 3967 1231 4032 rediens
1270 3987 1403 4052 semper

479 4069 622 4159 cogitet]

413 4175 486 4241 Aut
511 4175 557 4240 sili
583 4186 760 4261 peccatum
784 4172 841 4242 adt
864 4176 978 4240 uxoris
1002 4171 1142 4241 mdrtem
1166 4183 1224 4241 aut
1247 4176 1402 4240 morbum

479 4279 584 4358 filiae3
