3358 5098
677 459 863 517 TERENTI
891 457 1093 518 PHORMIO.

760 899 913 968 ACTVS
959 901 1010 967 III

701 1086 877 1152 Pnomno
966 1084 1070 1150 Gom

700 1217 871 1260 PARASITVS
960 1217 1076 1260 SERVOS

256 1379 316 1444 315
341 1379 404 1444 ΡΗ.
428 1363 524 1445 ltane
554 1378 658 1463 patris
689 1376 738 1441 ass
753 1431 755 1434 .
770 1377 953 1442 aduentum
983 1377 1126 1442 ueritum
1163 1375 1242 1441 hinc
1280 1376 1422 1442 abiisse?
1439 1376 1510 1441 112

494 1481 557 1548 Gn.
581 1469 790 1546 Admodum.

342 1585 403 1652 PH.
428 1585 592 1653 Phdninm
622 1586 772 1652 relictam
803 1587 933 1651 solam?
980 1585 1043 1651 GE.
1078 1583 1142 1650 stc.
1189 1585 1252 1649 PH.
1289 1585 1334 1649 Et
1364 1586 1423 1650 ira·

492 1688 565 1756 n'nn
581 1697 717 1756 senem?

342 1794 405 1861 Gn.
430 1775 578 1879 Oppido.
605 1794 668 1859 PH.
691 1794 749 1859 Ad
772 1805 806 1859 te
830 1793 961 1859 stimma
981 1794 1102 1870 solum,
1123 1792 1295 1870 Phormio,
1312 1790 1421 1858 renim

494 1899 595 1963 redit:

426 1999 513 2067 ‘rote
550 2002 617 2067 hoc
656 2001 795 2067 intristi:
831 2004 892 2068 tibi
931 2013 1064 2067 omnest
1092 2002 1328 2066 exedendum:
1366 2022 1418 2065 aco

492 2105 637 2189 cingere.

340 2209 401 2275 GE„
426 2191 579 2274 Obsecro
595 2220 638 2275 te.
684 2211 748 2275 ΡΗ.
772 2209 809 2276 ss
829 2210 963 2293 rogabit
986 2260 992 2276 .
1018 2261 1026 2276 .
1051 2209 1114 2275 Gn.
1140 2195 1180 2274 In
1200 2220 1233 2275 te
1256 2229 1334 2295 spes
1357 2220 1416 2274 est.
1493 2229 1507 2282 5

491 2315 555 2378 ΡΗ.
580 2301 716 2390 Eccere,

253 2427 316 2491 320
426 2424 519 2510 Qusd
543 2425 570 2490 si
594 2426 730 2490 reddet?
755 2425 817 2492 (ΞΕ.
841 2423 895 2491 Tu
919 2425 1076 2511 inpulisti.
1107 2427 1171 2492 ΡΗ.
1196 2424 1262 2502 Ssc,
1287 2425 1415 2510 opinor.
1526 2511 1532 2524 .
1634 2443 1643 2452 ·

492 2529 555 2595 GE.
580 2527 741 2596 Stibueni.

340 2631 403 2700 ΡΗ.
428 2632 523 2700 Cedo
553 2654 687 2697 senem:
720 2635 785 2698 iam
809 2632 968 2700 instn'tcta
989 2644 1068 2701 sunt
1091 2635 1136 2698 mi
1160 2633 1193 2699 in
1216 2633 1317 2699 corde
1341 2653 1419 2699 con·

492 2739 565 2803 silia
580 2736 701 2803 omnia.
1016 2734 1019 2744 ’

341 2842 405 2907 GE.
430 2841 521 2926 Quid
552 2848 654 2924 ages?
699 2842 762 2905 ΡΗ.
782 2831 878 2924 'Quid
910 2843 969 2916 uis,
997 2841 1059 2907 ntsi
1091 2843 1139 2907 uti
1171 2851 1304 2907 maneat
1334 2840 1417 2907 Pm-

491 2946 584 3010 nium
601 2956 701 3029 atque
717 2967 762 3010 ex
777 2945 914 3010 crimine
931 2945 997 3010 hoc

425 3038 658 3135 Antiphonem
692 3048 831 3133 eripiam
866 3059 966 3134 atque
1003 3050 1036 3114 in
1075 3071 1129 3114 me
1164 3070 1301 3115 omnem
1335 3048 1417 3114 tram

490 3153 638 3218 deriuem
656 3154 765 3218 senis?

339 3257 403 3322 GE.
429 3237 471 3332 O,
502 3258 553 3320 uir
584 3256 677 3321 sortis
708 3255 809 3341 etque
840 3258 987 3322 amicu’s.
1047 3258 1166 3322 uerum
1200 3256 1267 3323 hoc
1305 3278 1416 3343 saepe,
1477 3281 1506 3316 ιο

490 3358 656 3435 Phormio,

224 3465 315 3529 -325
424 3463 563 3538 vereor,
595 3484 636 3527 ne
675 3464 776 3529 istaec
815 3462 973 3530 fortitudo
1011 3465 1045 3529 in
1084 3465 1224 3531 neruom
1261 3475 1417 3551 erumpat

490 3568 645 3651 denique.
693 3567 756 3632 ΡΗ.
782 3567 851 3644 Ah,

423 3671 499 3737 Non
516 3673 608 3738 itast:
636 3669 793 3738 saetnmst
813 3672 984 3756 periclum,
1002 3671 1068 3736 nm
1089 3674 1215 3758 pedum
1231 3670 1335 3738 uisnst
1350 3674 1414 3737 oia.
1508 3682 1513 3692 “

425 3774 526 3859 Quod
552 3797 606 3840 me
634 3797 750 3840 censes
774 3774 927 3841 homines
954 3777 1021 3841 iam
1046 3777 1284 3842 deuerberasse
1309 3797 1416 3861 usque

488 3877 532 3944 Ad
548 3887 688 3944 necem?

427 3960 619 4068 [Hospites
629 3994 698 4048 tum
710 3984 815 4049 ciuis?
846 4005 915 4068 quo
926 3985 1032 4066 magis
1046 3984 1136 4060 noui,
1146 3994 1240 4050 tanto
1251 3982 1412 4071 saepius]

425 4087 519 4152 Cedo
561 4089 653 4162 dum,
693 4108 897 4172 enumquam
939 4086 1132 4153 init'niarum
1171 4088 1292 4154 audisti
1333 4089 1414 4153 mihi
1475 4111 1505 4158 ιε

489 4187 648 4274 εετίρῖέιη
662 4191 794 4257 dicam?
