<?xml version="1.0" encoding="UTF-8"?>
<!DOCTYPE html PUBLIC "-//W3C//DTD XHTML 1.0 Transitional//EN"
    "http://www.w3.org/TR/xhtml1/DTD/xhtml1-transitional.dtd">
<html xmlns="http://www.w3.org/1999/xhtml" xml:lang="en" lang="en">
 <head>
  <title>
</title>
<meta http-equiv="Content-Type" content="text/html;charset=utf-8" />
  <meta name='ocr-system' content='tesseract 3.04.00' />
  <meta name='ocr-capabilities' content='ocr_page ocr_carea ocr_par ocr_line ocrx_word'/>
</head>
<body>
  <div class='ocr_page' id='page_1' title='image "./pterentiafripho00greegoog/pterentiafripho00greegoog_0059.png"; bbox 0 0 3358 5098; ppageno 0'>
   <div class='ocr_carea' id='block_1_1' title="bbox 241 461 1075 550">
    <p class='ocr_par' dir='ltr' id='par_1_1' title="bbox 241 461 1075 550">
     <span class='ocr_line' id='line_1_1' title="bbox 241 461 1075 550; baseline 0.004 -34"><span class='ocrx_word' id='word_1_1' title='bbox 241 487 284 550; x_wconf 82' lang='lat'>34</span> <span class='ocrx_word' id='word_1_2' title='bbox 659 463 844 519; x_wconf 84' lang='lat' dir='ltr'>TERENTI</span> <span class='ocrx_word' id='word_1_3' title='bbox 873 461 1075 520; x_wconf 87' lang='lat' dir='ltr'><strong>PHORMIO.</strong></span> 
     </span>
    </p>
   </div>
   <div class='ocr_carea' id='block_1_2' title="bbox 240 650 1495 4257">
    <p class='ocr_par' dir='ltr' id='par_1_2' title="bbox 240 650 1495 4257">
     <span class='ocr_line' id='line_1_2' title="bbox 328 650 1495 738; baseline -0.003 -20"><span class='ocrx_word' id='word_1_4' title='bbox 328 652 393 718; x_wconf 77' lang='lat' dir='ltr'>GE.</span> <span class='ocrx_word' id='word_1_5' title='bbox 419 651 538 738; x_wconf 86' lang='lat' dir='ltr'>Pergin</span> <span class='ocrx_word' id='word_1_6' title='bbox 554 672 612 718; x_wconf 88' lang='lat' dir='ltr'>ero</span> <span class='ocrx_word' id='word_1_7' title='bbox 628 652 758 717; x_wconf 85' lang='lat' dir='ltr'>absenti</span> <span class='ocrx_word' id='word_1_8' title='bbox 775 650 861 717; x_wconf 69' lang='lat' dir='ltr'>maile</span> <span class='ocrx_word' id='word_1_9' title='bbox 878 653 979 737; x_wconf 88' lang='lat' dir='ltr'>loqui,</span> <span class='ocrx_word' id='word_1_10' title='bbox 997 651 1241 737; x_wconf 82' lang='lat' dir='ltr'>inpurissume?</span> <span class='ocrx_word' id='word_1_11' title='bbox 1464 678 1495 730; x_wconf 84' lang='lat'>²5</span> 
     </span>
     <span class='ocr_line' id='line_1_3' title="bbox 329 754 1405 850; baseline -0.001 -28"><span class='ocrx_word' id='word_1_12' title='bbox 329 760 391 824; x_wconf 92' lang='grc' dir='ltr'>ΡΗ.</span> <span class='ocrx_word' id='word_1_13' title='bbox 416 758 568 840; x_wconf 87' lang='lat' dir='ltr'>Dignum</span> <span class='ocrx_word' id='word_1_14' title='bbox 588 754 699 822; x_wconf 69' lang='lat' dir='ltr'>alitem</span> <span class='ocrx_word' id='word_1_15' title='bbox 721 757 787 823; x_wconf 90' lang='lat' dir='ltr'>hoc</span> <span class='ocrx_word' id='word_1_16' title='bbox 808 755 906 822; x_wconf 89' lang='lat' dir='ltr'>illost.</span> <span class='ocrx_word' id='word_1_17' title='bbox 948 756 1016 850; x_wconf 66' lang='lat' dir='ltr'>GE.</span> <span class='ocrx_word' id='word_1_18' title='bbox 1040 754 1110 822; x_wconf 90' lang='lat' dir='ltr'>Ain</span> <span class='ocrx_word' id='word_1_19' title='bbox 1131 767 1249 834; x_wconf 83' lang='lat' dir='ltr'>tamen,</span> <span class='ocrx_word' id='word_1_20' title='bbox 1271 756 1405 822; x_wconf 68' lang='lat' dir='ltr'>carcdr?</span> 
     </span>
     <span class='ocr_line' id='line_1_4' title="bbox 481 853 1426 926; baseline -0.008 -2"><span class='ocrx_word' id='word_1_21' title='bbox 481 861 546 925; x_wconf 85' lang='grc' dir='ltr'>ΒΕ.</span> <span class='ocrx_word' id='word_1_22' title='bbox 573 859 668 926; x_wconf 89' lang='lat' dir='ltr'>Geta.</span> <span class='ocrx_word' id='word_1_23' title='bbox 1422 853 1426 868; x_wconf 83' lang='lat'>&#39;</span> 
     </span>
     <span class='ocr_line' id='line_1_5' title="bbox 329 962 1405 1048; baseline -0.002 -18"><span class='ocrx_word' id='word_1_24' title='bbox 329 965 392 1030; x_wconf 78' lang='lat' dir='ltr'>GE·</span> <span class='ocrx_word' id='word_1_25' title='bbox 416 964 587 1030; x_wconf 85' lang='lat' dir='ltr'>Bondrum</span> <span class='ocrx_word' id='word_1_26' title='bbox 618 973 780 1040; x_wconf 86' lang='lat' dir='ltr'>extortor,</span> <span class='ocrx_word' id='word_1_27' title='bbox 812 964 924 1048; x_wconf 75' lang='lat' dir='ltr'>legum</span> <span class='ocrx_word' id='word_1_28' title='bbox 958 962 1147 1029; x_wconf 85' lang='lat' dir='ltr'>contortdr!</span> <span class='ocrx_word' id='word_1_29' title='bbox 1207 966 1272 1028; x_wconf 87' lang='grc' dir='ltr'>ΒΕ.</span> <span class='ocrx_word' id='word_1_30' title='bbox 1311 963 1405 1029; x_wconf 89' lang='lat' dir='ltr'>Geta.</span> 
     </span>
     <span class='ocr_line' id='line_1_6' title="bbox 242 1066 1405 1153; baseline -0.003 -19"><span class='ocrx_word' id='word_1_31' title='bbox 242 1071 304 1137; x_wconf 84' lang='lat'>375</span> <span class='ocrx_word' id='word_1_32' title='bbox 329 1071 392 1134; x_wconf 98' lang='grc' dir='ltr'>ΡΗ.</span> <span class='ocrx_word' id='word_1_33' title='bbox 417 1066 605 1153; x_wconf 82' lang='lat' dir='ltr'>Respdnde.</span> <span class='ocrx_word' id='word_1_34' title='bbox 654 1067 718 1133; x_wconf 73' lang='lat' dir='ltr'>Ga.</span> <span class='ocrx_word' id='word_1_35' title='bbox 751 1068 836 1151; x_wconf 91' lang='lat' dir='ltr'>Quis</span> <span class='ocrx_word' id='word_1_36' title='bbox 859 1068 1015 1133; x_wconf 87' lang='lat' dir='ltr'>homost?</span> <span class='ocrx_word' id='word_1_37' title='bbox 1046 1068 1155 1134; x_wconf 73' lang='lat' dir='ltr'>dhern.</span> <span class='ocrx_word' id='word_1_38' title='bbox 1201 1070 1269 1133; x_wconf 87' lang='grc' dir='ltr'>ΒΕ.</span> <span class='ocrx_word' id='word_1_39' title='bbox 1303 1068 1405 1132; x_wconf 87' lang='lat' dir='ltr'>Tace.</span> 
     </span>
     <span class='ocr_line' id='line_1_7' title="bbox 481 1171 794 1239; baseline -0.006 -1"><span class='ocrx_word' id='word_1_40' title='bbox 481 1173 545 1239; x_wconf 77' lang='lat' dir='ltr'>GE.</span> <span class='ocrx_word' id='word_1_41' title='bbox 570 1171 716 1238; x_wconf 88' lang='lat' dir='ltr'>Absenti</span> <span class='ocrx_word' id='word_1_42' title='bbox 732 1173 794 1237; x_wconf 91' lang='lat' dir='ltr'>tibi</span> 
     </span>
     <span class='ocr_line' id='line_1_8' title="bbox 413 1276 1121 1362; baseline 0 -20"><span class='ocrx_word' id='word_1_43' title='bbox 413 1279 463 1343; x_wconf 90' lang='lat' dir='ltr'>Te</span> <span class='ocrx_word' id='word_1_44' title='bbox 479 1276 631 1362; x_wconf 87' lang='lat' dir='ltr'>indignas</span> <span class='ocrx_word' id='word_1_45' title='bbox 647 1299 751 1362; x_wconf 91' lang='lat' dir='ltr'>seque</span> <span class='ocrx_word' id='word_1_46' title='bbox 767 1276 886 1360; x_wconf 87' lang='lat' dir='ltr'>dignas</span> <span class='ocrx_word' id='word_1_47' title='bbox 902 1277 1121 1342; x_wconf 74' lang='lat' dir='ltr'>contumelias</span> 
     </span>
     <span class='ocr_line' id='line_1_9' title="bbox 414 1379 1494 1466; baseline -0.004 -20"><span class='ocrx_word' id='word_1_48' title='bbox 414 1381 608 1466; x_wconf 74' lang='lat' dir='ltr'>Numquam</span> <span class='ocrx_word' id='word_1_49' title='bbox 625 1383 768 1447; x_wconf 87' lang='lat' dir='ltr'>cessauit</span> <span class='ocrx_word' id='word_1_50' title='bbox 783 1379 895 1448; x_wconf 81' lang='lat' dir='ltr'>dicere</span> <span class='ocrx_word' id='word_1_51' title='bbox 910 1381 1022 1446; x_wconf 88' lang='lat' dir='ltr'>hodie.</span> <span class='ocrx_word' id='word_1_52' title='bbox 1069 1384 1137 1447; x_wconf 88' lang='grc' dir='ltr'>ΒΕ.</span> <span class='ocrx_word' id='word_1_53' title='bbox 1161 1381 1296 1448; x_wconf 76' lang='grc' dir='ltr'><strong>Βέείηε.</strong></span> <span class='ocrx_word' id='word_1_54' title='bbox 1461 1407 1494 1458; x_wconf 86' lang='lat'>30</span> 
     </span>
     <span class='ocr_line' id='line_1_10' title="bbox 415 1483 1406 1572; baseline 0.002 -22"><span class='ocrx_word' id='word_1_55' title='bbox 415 1486 634 1563; x_wconf 75' lang='lat' dir='ltr'>Adulescens,</span> <span class='ocrx_word' id='word_1_56' title='bbox 658 1485 805 1572; x_wconf 90' lang='lat' dir='ltr'>primum</span> <span class='ocrx_word' id='word_1_57' title='bbox 829 1486 889 1550; x_wconf 90' lang='lat' dir='ltr'>abs</span> <span class='ocrx_word' id='word_1_58' title='bbox 913 1495 946 1551; x_wconf 90' lang='lat' dir='ltr'>te</span> <span class='ocrx_word' id='word_1_59' title='bbox 973 1483 1037 1550; x_wconf 85' lang='lat' dir='ltr'>hdc</span> <span class='ocrx_word' id='word_1_60' title='bbox 1068 1486 1157 1550; x_wconf 87' lang='lat' dir='ltr'>bona</span> <span class='ocrx_word' id='word_1_61' title='bbox 1186 1483 1286 1551; x_wconf 63' lang='lat' dir='ltr'>uenit</span> <span class='ocrx_word' id='word_1_62' title='bbox 1316 1496 1406 1572; x_wconf 87' lang='lat' dir='ltr'>peto,</span> 
     </span>
     <span class='ocr_line' id='line_1_11' title="bbox 415 1587 1207 1676; baseline -0.001 -21"><span class='ocrx_word' id='word_1_63' title='bbox 415 1590 451 1655; x_wconf 91' lang='lat' dir='ltr'>Si</span> <span class='ocrx_word' id='word_1_64' title='bbox 467 1589 527 1656; x_wconf 86' lang='lat' dir='ltr'>tibi</span> <span class='ocrx_word' id='word_1_65' title='bbox 543 1592 675 1675; x_wconf 90' lang='lat' dir='ltr'>placere</span> <span class='ocrx_word' id='word_1_66' title='bbox 691 1587 778 1676; x_wconf 72' lang='lat' dir='ltr'>potis</span> <span class='ocrx_word' id='word_1_67' title='bbox 794 1600 854 1665; x_wconf 88' lang='lat' dir='ltr'>est,</span> <span class='ocrx_word' id='word_1_68' title='bbox 873 1591 917 1654; x_wconf 93' lang='lat' dir='ltr'>mi</span> <span class='ocrx_word' id='word_1_69' title='bbox 935 1600 972 1655; x_wconf 92' lang='lat' dir='ltr'>ut</span> <span class='ocrx_word' id='word_1_70' title='bbox 987 1589 1207 1674; x_wconf 81' lang='lat' dir='ltr'>respdndeas:</span> 
     </span>
     <span class='ocr_line' id='line_1_12' title="bbox 417 1691 1276 1779; baseline 0 -21"><span class='ocrx_word' id='word_1_71' title='bbox 417 1693 527 1779; x_wconf 88' lang='lat' dir='ltr'>Quem</span> <span class='ocrx_word' id='word_1_72' title='bbox 545 1693 691 1759; x_wconf 87' lang='lat' dir='ltr'>amicum</span> <span class='ocrx_word' id='word_1_73' title='bbox 707 1705 802 1760; x_wconf 91' lang='lat' dir='ltr'>tuom</span> <span class='ocrx_word' id='word_1_74' title='bbox 819 1707 867 1758; x_wconf 87' lang='lat' dir='ltr'>als</span> <span class='ocrx_word' id='word_1_75' title='bbox 884 1693 985 1759; x_wconf 83' lang='lat' dir='ltr'>luisse</span> <span class='ocrx_word' id='word_1_76' title='bbox 1002 1694 1112 1770; x_wconf 90' lang='lat' dir='ltr'>istum,</span> <span class='ocrx_word' id='word_1_77' title='bbox 1129 1691 1276 1779; x_wconf 71' lang='lat' dir='ltr'>expland</span> 
     </span>
     <span class='ocr_line' id='line_1_13' title="bbox 482 1799 575 1875; baseline 0 -12"><span class='ocrx_word' id='word_1_78' title='bbox 482 1799 575 1875; x_wconf 89' lang='lat' dir='ltr'>mihi,</span> 
     </span>
     <span class='ocr_line' id='line_1_14' title="bbox 417 1901 1122 1988; baseline 0.003 -21"><span class='ocrx_word' id='word_1_79' title='bbox 417 1903 462 1968; x_wconf 89' lang='lat' dir='ltr'>Et</span> <span class='ocrx_word' id='word_1_80' title='bbox 477 1902 536 1988; x_wconf 89' lang='lat' dir='ltr'>qul</span> <span class='ocrx_word' id='word_1_81' title='bbox 551 1913 733 1987; x_wconf 85' lang='lat' dir='ltr'>cognatum</span> <span class='ocrx_word' id='word_1_82' title='bbox 749 1903 802 1967; x_wconf 71' lang='lat' dir='ltr'>md</span> <span class='ocrx_word' id='word_1_83' title='bbox 818 1903 881 1967; x_wconf 86' lang='lat' dir='ltr'>sibi</span> <span class='ocrx_word' id='word_1_84' title='bbox 898 1923 971 1967; x_wconf 89' lang='lat' dir='ltr'>esse</span> <span class='ocrx_word' id='word_1_85' title='bbox 987 1901 1122 1969; x_wconf 87' lang='lat' dir='ltr'>diceret.</span> 
     </span>
     <span class='ocr_line' id='line_1_15' title="bbox 331 2005 1495 2092; baseline 0.003 -22"><span class='ocrx_word' id='word_1_86' title='bbox 331 2008 393 2071; x_wconf 83' lang='lat' dir='ltr'>PH.</span> <span class='ocrx_word' id='word_1_87' title='bbox 417 2007 559 2072; x_wconf 85' lang='lat' dir='ltr'>Proinde</span> <span class='ocrx_word' id='word_1_88' title='bbox 575 2008 749 2092; x_wconf 68' lang='lat' dir='ltr'>dxpiscare</span> <span class='ocrx_word' id='word_1_89' title='bbox 770 2005 864 2091; x_wconf 68' lang='lat' dir='ltr'>quisi</span> <span class='ocrx_word' id='word_1_90' title='bbox 886 2027 953 2072; x_wconf 93' lang='lat' dir='ltr'>non</span> <span class='ocrx_word' id='word_1_91' title='bbox 974 2027 1100 2072; x_wconf 87' lang='lat' dir='ltr'>nosses.</span> <span class='ocrx_word' id='word_1_92' title='bbox 1148 2008 1213 2072; x_wconf 87' lang='grc' dir='ltr'>ΒΕ.</span> <span class='ocrx_word' id='word_1_93' title='bbox 1238 2005 1402 2073; x_wconf 85' lang='lat' dir='ltr'>Ndssem?</span> <span class='ocrx_word' id='word_1_94' title='bbox 1464 2031 1495 2084; x_wconf 84' lang='lat'>35</span> 
     </span>
     <span class='ocr_line' id='line_1_16' title="bbox 482 2112 632 2177; baseline -0.007 -2"><span class='ocrx_word' id='word_1_95' title='bbox 482 2112 545 2177; x_wconf 82' lang='lat' dir='ltr'>PH.</span> <span class='ocrx_word' id='word_1_96' title='bbox 570 2112 632 2176; x_wconf 87' lang='lat' dir='ltr'>lta.</span> 
     </span>
     <span class='ocr_line' id='line_1_17' title="bbox 329 2213 1290 2300; baseline -0.003 -19"><span class='ocrx_word' id='word_1_97' title='bbox 329 2213 396 2281; x_wconf 87' lang='grc' dir='ltr'><strong>ΒΕ.</strong></span> <span class='ocrx_word' id='word_1_98' title='bbox 419 2215 496 2298; x_wconf 89' lang='lat' dir='ltr'>Ego</span> <span class='ocrx_word' id='word_1_99' title='bbox 512 2216 565 2279; x_wconf 72' lang='lat' dir='ltr'>md</span> <span class='ocrx_word' id='word_1_100' title='bbox 581 2236 691 2299; x_wconf 85' lang='lat' dir='ltr'>nego:</span> <span class='ocrx_word' id='word_1_101' title='bbox 713 2225 748 2280; x_wconf 88' lang='lat' dir='ltr'>tu</span> <span class='ocrx_word' id='word_1_102' title='bbox 766 2213 825 2300; x_wconf 87' lang='lat' dir='ltr'>qul</span> <span class='ocrx_word' id='word_1_103' title='bbox 841 2228 888 2280; x_wconf 82' lang='lat' dir='ltr'>als</span> <span class='ocrx_word' id='word_1_104' title='bbox 905 2216 1020 2299; x_wconf 86' lang='lat' dir='ltr'>redige</span> <span class='ocrx_word' id='word_1_105' title='bbox 1036 2215 1069 2279; x_wconf 94' lang='lat' dir='ltr'>in</span> <span class='ocrx_word' id='word_1_106' title='bbox 1086 2216 1290 2280; x_wconf 75' lang='lat' dir='ltr'>memoriam.</span> 
     </span>
     <span class='ocr_line' id='line_1_18' title="bbox 329 2307 1406 2396; baseline 0 -11"><span class='ocrx_word' id='word_1_107' title='bbox 329 2321 393 2386; x_wconf 84' lang='lat' dir='ltr'>PH.</span> <span class='ocrx_word' id='word_1_108' title='bbox 418 2319 494 2384; x_wconf 92' lang='lat' dir='ltr'>Eho</span> <span class='ocrx_word' id='word_1_109' title='bbox 525 2317 572 2396; x_wconf 82' lang='lat' dir='ltr'>tri,</span> <span class='ocrx_word' id='word_1_110' title='bbox 595 2321 767 2384; x_wconf 91' lang='lat' dir='ltr'>sobrinum</span> <span class='ocrx_word' id='word_1_111' title='bbox 798 2318 892 2384; x_wconf 77' lang='lat' dir='ltr'>tuom</span> <span class='ocrx_word' id='word_1_112' title='bbox 916 2340 984 2383; x_wconf 94' lang='lat' dir='ltr'>non</span> <span class='ocrx_word' id='word_1_113' title='bbox 1007 2326 1127 2383; x_wconf 88' lang='lat' dir='ltr'>noras?</span> <span class='ocrx_word' id='word_1_114' title='bbox 1173 2321 1240 2383; x_wconf 88' lang='grc' dir='ltr'>ΒΕ.</span> <span class='ocrx_word' id='word_1_115' title='bbox 1273 2307 1406 2385; x_wconf 78' lang='lat' dir='ltr'>Enicas.</span> 
     </span>
     <span class='ocr_line' id='line_1_19' title="bbox 242 2420 1406 2512; baseline 0.001 -24"><span class='ocrx_word' id='word_1_116' title='bbox 242 2424 303 2512; x_wconf 78' lang='lat'>385</span> <span class='ocrx_word' id='word_1_117' title='bbox 370 2425 480 2502; x_wconf 67' lang='lat' dir='ltr'>[Die</span> <span class='ocrx_word' id='word_1_118' title='bbox 511 2422 641 2488; x_wconf 81' lang='lat' dir='ltr'>ndmen.</span> <span class='ocrx_word' id='word_1_119' title='bbox 700 2423 760 2488; x_wconf 89' lang='grc' dir='ltr'>ΡΗ.</span> <span class='ocrx_word' id='word_1_120' title='bbox 792 2424 949 2487; x_wconf 81' lang='lat' dir='ltr'>Nomen?</span> <span class='ocrx_word' id='word_1_121' title='bbox 995 2420 1161 2487; x_wconf 70' lang='lat' dir='ltr'>mdxume.</span> <span class='ocrx_word' id='word_1_122' title='bbox 1217 2425 1282 2489; x_wconf 88' lang='grc' dir='ltr'>ΒΕ.</span> <span class='ocrx_word' id='word_1_123' title='bbox 1315 2424 1406 2507; x_wconf 82' lang='lat' dir='ltr'>Quid</span> 
     </span>
     <span class='ocr_line' id='line_1_20' title="bbox 482 2525 698 2592; baseline 0.005 -1"><span class='ocrx_word' id='word_1_124' title='bbox 482 2525 569 2592; x_wconf 85' lang='lat' dir='ltr'>ndnc</span> <span class='ocrx_word' id='word_1_125' title='bbox 585 2534 698 2592; x_wconf 85' lang='lat' dir='ltr'>taces?</span> 
     </span>
     <span class='ocr_line' id='line_1_21' title="bbox 328 2627 1406 2718; baseline 0.001 -22"><span class='ocrx_word' id='word_1_126' title='bbox 328 2633 391 2696; x_wconf 86' lang='lat' dir='ltr'>PH.</span> <span class='ocrx_word' id='word_1_127' title='bbox 416 2633 500 2696; x_wconf 88' lang='lat' dir='ltr'>Perii</span> <span class='ocrx_word' id='word_1_128' title='bbox 531 2633 651 2706; x_wconf 80' lang='lat' dir='ltr'>hercle,</span> <span class='ocrx_word' id='word_1_129' title='bbox 682 2652 806 2696; x_wconf 89' lang='lat' dir='ltr'>nomen</span> <span class='ocrx_word' id='word_1_130' title='bbox 836 2631 977 2716; x_wconf 73' lang='lat' dir='ltr'>perdidi.</span> <span class='ocrx_word' id='word_1_131' title='bbox 1034 2631 1101 2706; x_wconf 88' lang='grc' dir='ltr'>ΒΕ.</span> <span class='ocrx_word' id='word_1_132' title='bbox 1145 2627 1272 2718; x_wconf 92' lang='lat' dir='ltr'>[Hem]</span> <span class='ocrx_word' id='word_1_133' title='bbox 1315 2633 1406 2716; x_wconf 82' lang='lat' dir='ltr'>Quid</span> 
     </span>
     <span class='ocr_line' id='line_1_22' title="bbox 481 2734 1340 2826; baseline -0.007 -26"><span class='ocrx_word' id='word_1_134' title='bbox 481 2736 550 2801; x_wconf 83' lang='lat' dir='ltr'>ais?</span> <span class='ocrx_word' id='word_1_135' title='bbox 596 2737 657 2800; x_wconf 83' lang='lat' dir='ltr'>PH.</span> <span class='ocrx_word' id='word_1_136' title='bbox 683 2734 779 2809; x_wconf 89' lang='lat' dir='ltr'>Geta,</span> <span class='ocrx_word' id='word_1_137' title='bbox 1337 2816 1340 2826; x_wconf 31' lang='grc' dir='ltr'>Ι</span> 
     </span>
     <span class='ocr_line' id='line_1_23' title="bbox 417 2837 1494 2922; baseline -0.004 -18"><span class='ocrx_word' id='word_1_138' title='bbox 417 2839 452 2904; x_wconf 89' lang='lat' dir='ltr'>Si</span> <span class='ocrx_word' id='word_1_139' title='bbox 470 2841 647 2904; x_wconf 72' lang='lat' dir='ltr'>mdministi</span> <span class='ocrx_word' id='word_1_140' title='bbox 665 2839 697 2903; x_wconf 90' lang='lat' dir='ltr'>id</span> <span class='ocrx_word' id='word_1_141' title='bbox 715 2840 807 2922; x_wconf 94' lang='lat' dir='ltr'>quod</span> <span class='ocrx_word' id='word_1_142' title='bbox 823 2837 902 2902; x_wconf 85' lang='lat' dir='ltr'>dlim</span> <span class='ocrx_word' id='word_1_143' title='bbox 919 2839 1087 2915; x_wconf 84' lang='lat' dir='ltr'>dictumst,</span> <span class='ocrx_word' id='word_1_144' title='bbox 1104 2837 1227 2906; x_wconf 81' lang='lat' dir='ltr'>sdbice.</span> <span class='ocrx_word' id='word_1_145' title='bbox 1252 2840 1341 2917; x_wconf 85' lang='lat' dir='ltr'>hent,</span> <span class='ocrx_word' id='word_1_146' title='bbox 1463 2865 1494 2912; x_wconf 84' lang='lat'>40</span> 
     </span>
     <span class='ocr_line' id='line_1_24' title="bbox 417 2925 1405 3028; baseline 0.001 -22"><span class='ocrx_word' id='word_1_147' title='bbox 417 2943 497 3008; x_wconf 96' lang='lat' dir='ltr'>Non</span> <span class='ocrx_word' id='word_1_148' title='bbox 520 2943 614 3007; x_wconf 91' lang='lat' dir='ltr'>dlco:</span> <span class='ocrx_word' id='word_1_149' title='bbox 649 2945 744 3026; x_wconf 90' lang='lat' dir='ltr'>quasi</span> <span class='ocrx_word' id='word_1_150' title='bbox 769 2925 836 3007; x_wconf 88' lang='lat' dir='ltr'>non</span> <span class='ocrx_word' id='word_1_151' title='bbox 868 2941 992 3019; x_wconf 80' lang='lat' dir='ltr'>ndsses,</span> <span class='ocrx_word' id='word_1_152' title='bbox 1023 2954 1224 3028; x_wconf 85' lang='lat' dir='ltr'>temptatum</span> <span class='ocrx_word' id='word_1_153' title='bbox 1254 2942 1405 3010; x_wconf 68' lang='lat' dir='ltr'>dduenis.</span> 
     </span>
     <span class='ocr_line' id='line_1_25' title="bbox 329 3044 1405 3131; baseline 0 -18"><span class='ocrx_word' id='word_1_154' title='bbox 329 3049 393 3113; x_wconf 87' lang='grc' dir='ltr'>ΒΕ.</span> <span class='ocrx_word' id='word_1_155' title='bbox 417 3048 494 3130; x_wconf 86' lang='lat' dir='ltr'>Ego</span> <span class='ocrx_word' id='word_1_156' title='bbox 513 3045 625 3111; x_wconf 79' lang='lat' dir='ltr'>aritem</span> <span class='ocrx_word' id='word_1_157' title='bbox 647 3052 799 3130; x_wconf 84' lang='lat' dir='ltr'>tempto?</span> <span class='ocrx_word' id='word_1_158' title='bbox 845 3044 908 3113; x_wconf 76' lang='lat' dir='ltr'>GE.</span> <span class='ocrx_word' id='word_1_159' title='bbox 936 3045 1052 3130; x_wconf 77' lang='lat' dir='ltr'>Stilpo.</span> <span class='ocrx_word' id='word_1_160' title='bbox 1099 3047 1162 3111; x_wconf 87' lang='grc' dir='ltr'>ΡΗ.</span> <span class='ocrx_word' id='word_1_161' title='bbox 1187 3047 1303 3131; x_wconf 88' lang='lat' dir='ltr'>Atque</span> <span class='ocrx_word' id='word_1_162' title='bbox 1319 3050 1405 3113; x_wconf 90' lang='lat' dir='ltr'>adeo</span> 
     </span>
     <span class='ocr_line' id='line_1_26' title="bbox 482 3149 674 3234; baseline 0 -20"><span class='ocrx_word' id='word_1_163' title='bbox 482 3149 562 3234; x_wconf 86' lang='lat' dir='ltr'>quid</span> <span class='ocrx_word' id='word_1_164' title='bbox 580 3157 674 3214; x_wconf 86' lang='lat' dir='ltr'>mea?</span> 
     </span>
     <span class='ocr_line' id='line_1_27' title="bbox 242 3253 1406 3340; baseline 0.002 -22"><span class='ocrx_word' id='word_1_165' title='bbox 242 3255 304 3318; x_wconf 85' lang='lat'>390</span> <span class='ocrx_word' id='word_1_166' title='bbox 414 3253 558 3340; x_wconf 77' lang='lat' dir='ltr'>Stilpost</span> <span class='ocrx_word' id='word_1_167' title='bbox 621 3256 687 3318; x_wconf 87' lang='grc' dir='ltr'>ΒΕ.</span> <span class='ocrx_word' id='word_1_168' title='bbox 728 3253 840 3336; x_wconf 87' lang='lat' dir='ltr'>Quem</span> <span class='ocrx_word' id='word_1_169' title='bbox 871 3255 978 3320; x_wconf 82' lang='lat' dir='ltr'>dixti?</span> <span class='ocrx_word' id='word_1_170' title='bbox 1039 3256 1101 3319; x_wconf 92' lang='grc' dir='ltr'>ΡΗ.</span> <span class='ocrx_word' id='word_1_171' title='bbox 1141 3254 1326 3339; x_wconf 85' lang='lat' dir='ltr'>Stilponem</span> <span class='ocrx_word' id='word_1_172' title='bbox 1358 3258 1406 3320; x_wconf 91' lang='lat' dir='ltr'>in-</span> 
     </span>
     <span class='ocr_line' id='line_1_28' title="bbox 331 3357 749 3442; baseline -0.005 -19"><span class='ocrx_word' id='word_1_173' title='bbox 331 3393 332 3397; x_wconf 60' lang='lat'><em>=</em></span> <span class='ocrx_word' id='word_1_174' title='bbox 481 3379 582 3442; x_wconf 88' lang='lat' dir='ltr'>quarn</span> <span class='ocrx_word' id='word_1_175' title='bbox 600 3357 749 3423; x_wconf 84' lang='lat' dir='ltr'>ndueras.</span> 
     </span>
     <span class='ocr_line' id='line_1_29' title="bbox 328 3463 1406 3548; baseline 0.004 -22"><span class='ocrx_word' id='word_1_176' title='bbox 328 3464 395 3528; x_wconf 84' lang='grc' dir='ltr'>ΒΕ.</span> <span class='ocrx_word' id='word_1_177' title='bbox 418 3464 537 3546; x_wconf 91' lang='lat' dir='ltr'>Neque</span> <span class='ocrx_word' id='word_1_178' title='bbox 591 3463 658 3545; x_wconf 75' lang='lat' dir='ltr'>ego</span> <span class='ocrx_word' id='word_1_179' title='bbox 700 3464 793 3528; x_wconf 93' lang='lat' dir='ltr'>illum</span> <span class='ocrx_word' id='word_1_180' title='bbox 839 3484 956 3527; x_wconf 92' lang='lat' dir='ltr'>noram</span> <span class='ocrx_word' id='word_1_181' title='bbox 1002 3465 1110 3548; x_wconf 68' lang='lat' dir='ltr'>ndque</span> <span class='ocrx_word' id='word_1_182' title='bbox 1152 3466 1198 3528; x_wconf 91' lang='lat' dir='ltr'>mi</span> <span class='ocrx_word' id='word_1_183' title='bbox 1244 3463 1406 3548; x_wconf 79' lang='lat' dir='ltr'>cognatris</span> 
     </span>
     <span class='ocr_line' id='line_1_30' title="bbox 481 3567 542 3631; baseline 0.016 -2"><span class='ocrx_word' id='word_1_184' title='bbox 481 3567 542 3631; x_wconf 84' lang='lat' dir='ltr'>suit</span> 
     </span>
     <span class='ocr_line' id='line_1_31' title="bbox 416 3656 1493 3756; baseline 0.006 -21"><span class='ocrx_word' id='word_1_185' title='bbox 416 3670 605 3756; x_wconf 89' lang='lat' dir='ltr'>Quisquam</span> <span class='ocrx_word' id='word_1_186' title='bbox 629 3671 713 3738; x_wconf 90' lang='lat' dir='ltr'>istoc</span> <span class='ocrx_word' id='word_1_187' title='bbox 735 3673 879 3737; x_wconf 88' lang='lat' dir='ltr'>nomine.</span> <span class='ocrx_word' id='word_1_188' title='bbox 915 3671 980 3736; x_wconf 92' lang='grc' dir='ltr'>ΡΗ.</span> <span class='ocrx_word' id='word_1_189' title='bbox 1005 3656 1121 3737; x_wconf 85' lang='lat' dir='ltr'>Itane?</span> <span class='ocrx_word' id='word_1_190' title='bbox 1145 3693 1212 3737; x_wconf 93' lang='lat' dir='ltr'>non</span> <span class='ocrx_word' id='word_1_191' title='bbox 1233 3684 1266 3738; x_wconf 91' lang='lat' dir='ltr'>te</span> <span class='ocrx_word' id='word_1_192' title='bbox 1285 3671 1405 3738; x_wconf 82' lang='lat' dir='ltr'>horrim</span> <span class='ocrx_word' id='word_1_193' title='bbox 1463 3693 1493 3746; x_wconf 81' lang='lat'>45</span> 
     </span>
     <span class='ocr_line' id='line_1_32' title="bbox 481 3777 606 3861; baseline 0 -21"><span class='ocrx_word' id='word_1_194' title='bbox 481 3777 606 3861; x_wconf 83' lang='lat' dir='ltr'>pudet?</span> 
     </span>
     <span class='ocr_line' id='line_1_33' title="bbox 414 3878 1115 3964; baseline 0 -20"><span class='ocrx_word' id='word_1_195' title='bbox 414 3879 464 3944; x_wconf 87' lang='lat' dir='ltr'>At</span> <span class='ocrx_word' id='word_1_196' title='bbox 479 3878 508 3944; x_wconf 86' lang='lat' dir='ltr'>sl</span> <span class='ocrx_word' id='word_1_197' title='bbox 522 3881 684 3945; x_wconf 89' lang='lat' dir='ltr'>talentum</span> <span class='ocrx_word' id='word_1_198' title='bbox 701 3881 770 3944; x_wconf 74' lang='grc' dir='ltr'>τέω</span> <span class='ocrx_word' id='word_1_199' title='bbox 787 3881 972 3964; x_wconf 75' lang='lat' dir='ltr'>reliquisset</span> <span class='ocrx_word' id='word_1_200' title='bbox 986 3880 1115 3955; x_wconf 85' lang='lat' dir='ltr'>decern,</span> 
     </span>
     <span class='ocr_line' id='line_1_34' title="bbox 327 3983 1407 4069; baseline 0 -21"><span class='ocrx_word' id='word_1_201' title='bbox 327 3983 461 4049; x_wconf 90' lang='grc' dir='ltr'><strong>ΒΕ.Βὶ</strong></span> <span class='ocrx_word' id='word_1_202' title='bbox 489 3983 549 4048; x_wconf 92' lang='lat' dir='ltr'>tlbi</span> <span class='ocrx_word' id='word_1_203' title='bbox 577 3984 804 4050; x_wconf 81' lang='lat' dir='ltr'>malefaciant!</span> <span class='ocrx_word' id='word_1_204' title='bbox 853 3985 914 4048; x_wconf 90' lang='grc' dir='ltr'>ΡΗ.</span> <span class='ocrx_word' id='word_1_205' title='bbox 947 3983 1074 4069; x_wconf 89' lang='lat' dir='ltr'>primus</span> <span class='ocrx_word' id='word_1_206' title='bbox 1099 4005 1189 4049; x_wconf 90' lang='lat' dir='ltr'>esses</span> <span class='ocrx_word' id='word_1_207' title='bbox 1216 3985 1407 4051; x_wconf 71' lang='lat' dir='ltr'>mdmoriter</span> 
     </span>
     <span class='ocr_line' id='line_1_35' title="bbox 240 4085 1405 4174; baseline 0.001 -23"><span class='ocrx_word' id='word_1_208' title='bbox 240 4088 302 4153; x_wconf 85' lang='lat'>395</span> <span class='ocrx_word' id='word_1_209' title='bbox 417 4088 615 4172; x_wconf 75' lang='lat' dir='ltr'>Progeniem</span> <span class='ocrx_word' id='word_1_210' title='bbox 639 4097 788 4153; x_wconf 88' lang='lat' dir='ltr'>uostram</span> <span class='ocrx_word' id='word_1_211' title='bbox 810 4108 916 4172; x_wconf 83' lang='lat' dir='ltr'>usque</span> <span class='ocrx_word' id='word_1_212' title='bbox 939 4085 983 4152; x_wconf 74' lang='lat' dir='ltr'>ab</span> <span class='ocrx_word' id='word_1_213' title='bbox 1004 4109 1069 4153; x_wconf 91' lang='lat' dir='ltr'>auo</span> <span class='ocrx_word' id='word_1_214' title='bbox 1094 4098 1194 4173; x_wconf 89' lang='lat' dir='ltr'>atque</span> <span class='ocrx_word' id='word_1_215' title='bbox 1213 4099 1313 4155; x_wconf 86' lang='lat' dir='ltr'>atauo</span> <span class='ocrx_word' id='word_1_216' title='bbox 1329 4087 1405 4174; x_wconf 86' lang='lat' dir='ltr'>prd-</span> 
     </span>
     <span class='ocr_line' id='line_1_36' title="bbox 481 4192 599 4257; baseline -0.025 0"><span class='ocrx_word' id='word_1_217' title='bbox 481 4192 599 4257; x_wconf 83' lang='lat' dir='ltr'>serens.</span> 
     </span>
    </p>
   </div>
   <div class='ocr_carea' id='block_1_3' title="bbox 0 0 1713 5098">
    <p class='ocr_par' dir='ltr' id='par_1_3' title="bbox 0 0 1713 5098">
     <span class='ocr_line' id='line_1_37' title="bbox 0 0 1713 5098; baseline 0 0"><span class='ocrx_word' id='word_1_218' title='bbox 0 0 1713 5098; x_wconf 95' lang='lat' dir='ltr'> </span> 
     </span>
    </p>
   </div>
  </div>
 </body>
</html>
