3358 5098
240 513 283 578 4²
658 490 843 545 TERENTI
874 489 1075 544 PHORMIO.

328 678 392 745 GE.
417 677 462 744 Et
486 677 633 763 quidem,
659 698 725 753 ere,
751 698 813 741 nos
838 677 904 741 iam
931 673 1059 741 dudum
1083 674 1138 739 hic
1167 684 1201 740 te
1232 675 1403 740 absentem

480 780 681 857 incusamus,
698 782 755 865 qui
771 778 901 845 abieris.

320 878 395 952 ἈΝ.
417 887 466 951 Te
497 883 608 970 ipsum
639 885 850 968 quaerebam.
898 883 961 948 Ga.
1001 882 1069 948 Sed
1100 902 1139 948 ea
1169 903 1270 950 causa
1300 881 1403 946 nihilo

479 991 585 1073 magis
601 988 794 1054 defecimus.
1265 1051 1271 1058 ,

326 1095 397 1160 ΑΝ.
422 1095 577 1179 Loquere
607 1090 758 1168 6bsecro,
789 1113 857 1176 quo
888 1111 966 1155 nam
996 1089 1029 1154 In
1064 1083 1155 1156 loco¹
1172 1100 1250 1156 sunt
1284 1091 1335 1154 res
1371 1100 1405 1154 et

479 1197 630 1262 fortunae
654 1202 771 1260 meae?

414 1301 507 1366 Num
529 1299 610 1386 qusd
631 1300 717 1384 patri
739 1299 892 1364 subolet?
931 1298 995 1364 GE.
1021 1299 1078 1362 Nil
1094 1298 1204 1364 etiam.
1249 1297 1320 1362 AN.
1345 1296 1407 1362 Ec·
1467 1319 1493 1356 10

479 1404 560 1490 quid
577 1405 649 1488 spei
666 1411 820 1487 porrost?
867 1400 930 1468 GE.
957 1402 1092 1468 Nescio.

478 1509 549 1573 Au.
574 1508 642 1572 Ah.

239 1611 302 1680 475
327 1613 392 1679 GE.
417 1615 489 1677 Nisi
514 1612 676 1677 Phaedria
692 1611 782 1676 haud
800 1608 944 1676 cessauit
969 1631 1031 1694 pro
1056 1620 1089 1675 te
1110 1608 1202 1675 enrti.
1248 1611 1318 1675 AN.
1350 1611 1406 1675 Nil

479 1715 557 1782 fecit
572 1717 662 1780 noui.

327 1820 392 1886 GE.
418 1820 507 1885 Turn
524 1817 680 1885 Ph6rmio
698 1820 813 1884 itidem
829 1819 861 1882 in
879 1816 942 1882 hac
958 1839 993 1883 re
1009 1828 1046 1884 ut
1061 1815 1129 1906 [in]
1150 1819 1220 1883 aliis
1233 1818 1404 1884 strenuom

478 1924 649 2009 homiuem
667 1923 828 2006 praebuit.
1445 1999 1447 2002 ¹

326 2027 397 2092 AN.
421 2027 512 2110 Quid
544 2028 571 2091 is
602 2027 700 2092 fecit?
747 2027 810 2092 GE.
849 2024 1045 2092 consurauit
1075 2027 1185 2090 uerbis
1220 2024 1404 2092 admodum

480 2128 600 2195 iratum
627 2151 751 2194 senem.

326 2235 399 2301 AN.
418 2236 481 2310 Eu,
507 2232 673 2299 Phemio.
719 2233 783 2298 GE.
823 2233 900 2317 Ego
927 2235 1019 2317 quod
1051 2232 1144 2318 putui
1176 2255 1287 2317 porro.
1333 2235 1404 2300 AN.

480 2337 529 2402 Mi
545 2337 639 2414 Geta,
656 2339 764 2402 omnis
780 2336 840 2402 u6s
857 2359 943 2402 amo.

327 2442 390 2508 GP„
415 2441 471 2510 510
494 2443 620 2507 habent
643 2440 807 2526 principia
829 2463 902 2506 sese
925 2452 963 2506 ut
984 2440 1071 2506 dfxi:
1100 2443 1210 2506 adhuc
1228 2442 1405 2528 tranquilla
1464 2468 1473 2502 1

479 2568 530 2611 res
546 2556 605 2622 est,

240 2651 304 2716 480
415 2648 662 2735 Mansurusque
678 2647 834 2734 patruum
858 2659 953 2733 pater
971 2659 1031 2725 est,
1049 2650 1130 2713 dum
1151 2647 1217 2714 hr'rc
1238 2651 1404 2716 adueniat.

414 2754 416 2760 ’
478 2754 548 2818 ΑΝ.
572 2753 664 2836 Qusd
681 2760 779 2817 eum?
826 2753 889 2817 GE.
913 2754 959 2818 Vt
975 2754 1065 2818 aibat

413 2858 467 2922 De
498 2857 568 2922 esus
599 2858 738 2921 consilio
770 2857 842 2922 sese
874 2858 960 2921 uelle
991 2855 1100 2922 facere
1131 2858 1223 2943 quod
1251 2859 1293 2923 ad
1318 2861 1405 2924 hanc

479 2982 550 3025 rem
564 2959 692 3026 attinet.

327 3065 398 3129 AN.
421 3063 594 3148 Quantum
626 3064 764 3129 metuz’st
794 3063 886 3141 mihi,
914 3065 1029 3130 uidere
1059 3065 1126 3130 huc
1156 3066 1286 3131 saluom
1316 3087 1404 3133 nunc

482 3166 645 3252 patruum,
663 3167 766 3232 Geta!

415 3271 505 3336 Nam
522 3272 580 3355 per
597 3274 666 3335 eius
683 3293 793 3347 unam,
810 3282 847 3336 ut
863 3269 973 3348 audio,
991 3283 1049 3338 aut
1070 3275 1183 3339 uiuam
1205 3271 1262 3339 au'rt
1283 3275 1406 3338 moriar

479 3375 686 3440 sententiam.

329 3479 392 3546 Ga.
417 3478 580 3543 Phaedria
606 3472 669 3544 'tibi
693 3481 796 3545 adest.
842 3481 913 3544 ΑΝ.
943 3481 1134 3547 Vbinam?
1179 3480 1242 3546 GE.
1274 3481 1403 3566 Eccum
1461 3503 1492 3542 κο

481 3583 523 3648 ab
539 3580 599 3648 sua
614 3583 779 3668 palaestra
795 3582 865 3650 exst
880 3585 977 3650 foras.
