3358 5098
239 483 280 564 38
657 478 843 562 τΕΕΕΝτι
871 475 1072 534 PHORMIO.

238 662 302 730 425
411 664 486 731 Aut
526 663 663 750 quidem
705 686 782 730 cum
822 686 929 730 uxore
971 664 1033 730 hac
1067 663 1179 748 ipsum
1215 663 1402 750 prohibebd

480 771 594 834 domo.

328 871 391 938 Ge.
416 869 524 938 Irdtus
540 882 600 938 est
646 873 710 938 ΡΗ.
733 873 785 937 Tu
802 873 835 938 te
851 873 939 938 idem
957 872 1074 938 melius
1091 872 1216 936 feceris.

326 977 393 1044 ΒΕ.
415 976 489 1042 Itan
504 976 541 1040 es
557 985 693 1061 paratus
708 972 817 1042 {dcere
833 997 887 1040 me
903 978 1084 1041 aduorsum
1100 973 1222 1051 dmnia,
1458 985 1490 1034 80

414 1080 556 1145 Infelix?
580 1081 642 1144 PH.
668 1080 791 1146 Metuit
805 1079 860 1143 hic
876 1100 947 1152 nos,
963 1089 1031 1144 tam
1048 1082 1109 1144 etsi
1126 1080 1243 1143 sedulo

412 1182 619 1250 Dissimulat-
690 1181 754 1249 (ΞΕ.
816 1182 907 1247 Bene
953 1183 1078 1248 habent
1121 1180 1181 1246 tibi
1228 1183 1401 1267 principia.
1486 1271 1487 1274 Ἴ

478 1288 540 1352 ΡΗ.
565 1286 656 1370 Quin
672 1288 764 1371 quod
781 1296 832 1351 est

236 1391 301 1456 430
413 1389 606 1456 Ferdndum
622 1391 709 1455 fers?
732 1390 797 1455 tuis
814 1389 954 1474 dignum
970 1390 1064 1455 sactis
1081 1389 1207 1484 {deeris

409 1497 456 1562 Vt
486 1494 583 1559 amici
614 1495 699 1560 inter
728 1515 790 1560 nos
820 1493 934 1559 simus.
987 1495 1054 1558 ΒΕ.
1093 1493 1193 1577 Egon
1223 1503 1314 1560 tuam
1344 1494 1401 1559 ex-

476 1610 588 1683 petam

410 1702 626 1768 Amicitiam?
649 1713 706 1768 aut
721 1712 753 1768 te
770 1699 879 1768 uisum
896 1712 953 1768 aut
968 1699 1118 1766 auditdm
1135 1703 1258 1768 uelim?
1456 1711 1489 1776 85

325 1807 387 1871 PH.
413 1806 449 1872 Si
465 1805 684 1872 cdncordabis
701 1828 778 1871 cum
794 1806 860 1882 ilia,
877 1806 1017 1870 habebis
1034 1805 1120 1889 quae
1136 1817 1228 1871 tuam

410 1908 624 1976 Senectdtem
641 1911 804 1976 oblectet:
831 1911 959 1994 respice
976 1909 1119 1975 aetatem
1134 1919 1238 1974 tuam.

235 2016 298 2081 435
321 2016 385 2081 ΒΕ.
409 2014 460 2080 Te
476 2015 631 2090 oblectet,
647 2016 708 2081 tibi
724 2015 821 2080 habe.
867 2015 931 2078 PH.
956 2012 1072 2078 Minue
1089 2034 1170 2078 uero
1186 2015 1276 2078 iram.

475 2119 540 2182 ΒΕ.
567 2117 645 2183 Hdc
660 2139 741 2202 age:

412 2222 500 2288 Satis
517 2221 829 2288 idm'uerborumst:
851 2223 914 2287 nisi
930 2233 966 2288 tu
983 2243 1144 2307 properas
1161 2221 1333 2288 mulierem

408 2324 601 2403 Abddcere,
618 2349 683 2411 ego
700 2328 789 2391 illam
805 2325 932 2393 eiciam.
980 2327 1061 2402 dixi,
1078 2325 1243 2391 Phdrmio.
1455 2350 1487 2399 90

322 2432 386 2495 ΡΗ.
407 2431 443 2496 Si
459 2440 494 2496 tu
512 2430 601 2495 illam
627 2432 775 2514 attigeris
800 2431 896 2496 sdcus
923 2452 1025 2515 quam
1050 2431 1229 2514 dignumst¹
1251 2431 1397 2508 liberam,

408 2532 529 2600 Dicdm
545 2536 605 2600 tibi
622 2536 794 2618 inpingam
811 2533 982 2618 grdndem.
1029 2536 1111 2611 dixi,
1129 2535 1309 2619 Demipho,

208 2637 298 2702 440
409 2639 445 2704 Si
479 2638 559 2724 quid
593 2660 679 2724 opus
715 2639 821 2717 suerit,
853 2636 946 2717 heds,
977 2641 1080 2704 domo
1114 2660 1178 2705 me.
1239 2637 1303 2704 GE.
1343 2641 1397 2703 In·

473 2742 606 2825 tdllego.

334 3063 513 3127 DEMIPHO
587 3062 690 3127 GETA
881 3063 1005 3130 Hufflo
1045 3066 1229 3132 CRvas
1268 3067 1385 3134 CR1T0

374 3193 476 3236 SENEX
583 3195 701 3236 SERVO'S
1020 3199 1182 3242 Anvocm
1219 3200 1254 3240 111

320 3362 385 3428 ΒΕ.
407 3359 541 3444 Quanid
557 3383 611 3426 me
627 3378 707 3426 cura
722 3370 756 3428 et
770 3360 992 3430 sdilicitudine
1007 3365 1122 3432 ddficit
1415 3369 1446 3432 11
1463 3388 1484 3448 4

406 3463 546 3541 Gnatus,
563 3466 619 3549 qui
637 3487 691 3530 me
707 3476 741 3532 et
755 3489 791 3532 se
808 3468 900 3533 hisce
916 3469 1080 3553 inpediuit
1096 3468 1238 3555 nuptiis!

404 3571 523 3653 Neque
539 3570 584 3634 mi
600 3568 634 3634 in
650 3582 870 3654 conspectum
886 3571 1007 3657 prddit,
1023 3583 1061 3638 ut
1076 3575 1192 3639 saltem
1209 3576 1323 3652 sciam,

405 3672 495 3758 Quid
512 3675 555 3738 de
570 3671 610 3739 ed
627 3695 662 3740 re
678 3675 768 3740 dicat
783 3675 908 3760 quidue
924 3677 967 3741 sit
982 3678 1174 3744 sententiae.

228 3779 292 3842 445
403 3776 484 3852 Abi,
501 3777 572 3843 uise
590 3775 765 3844 redieritne
782 3779 848 3844 iam
865 3800 907 3844 an
924 3801 992 3845 non
1008 3779 1089 3846 dum
1105 3783 1255 3848 domum.
1470 3805 1483 3856 s

318 3880 380 3948 GE.
406 3879 467 3946 Ed.
480 3919 524 3928 -
535 3883 602 3947 ΒΕ.
626 3883 756 3948 Videtis
772 3904 841 3968 quo
857 3883 890 3948 in
906 3883 982 3949 loco
999 3907 1051 3950 res
1067 3885 1149 3951 haec
1165 3889 1246 3953 siet:

405 3984 497 4069 Quid
512 3986 601 4070 dgo?
625 3988 688 4062 dic,
706 3986 830 4071 Hegio.
857 3987 925 4054 ΗΕ.
951 3976 1049 4072 Ego?
1074 3990 1245 4057 Cratinum
1262 3992 1393 4068 censed

403 4089 442 4157 Si
471 4083 532 4155 tibi
562 4091 702 4156 uidetur.
756 4091 824 4158 ΒΕ.
861 4090 938 4170 Dic,
969 4092 1114 4160 Cratine.
1169 4095 1255 4162 CRA.
1294 4097 1394 4162 Mene

470 4194 542 4260 uis?
