3358 5098
246 443 290 522 46
665 433 851 490 TERENTI
881 433 1081 488 PHORMIO.

334 625 397 689 PH.
421 624 536 708 Atque
552 609 706 707 Antipho
728 622 791 685 alia
812 641 915 706 quom
939 618 1124 706 occupatus
1144 621 1232 688 esset
1252 621 1409 688 sollicitis·

488 728 576 802 dine,

420 831 510 896 Tum
540 830 606 895 hoc
636 829 709 894 esse
740 830 786 894 mi
816 826 987 893 obiectr'rm
1020 828 1164 894 malurn!
1213 828 1282 895 An.
1319 829 1410 912 Quid
1481 883 1487 894 .

485 932 571 1016 istrie
587 943 638 998 est
654 943 776 1008 autem,
793 933 975 998 Phaedria?

335 1041 397 1106 PH.
422 1021 742 1104 Osortunatrssume
759 1035 922 1121 Antipho.
969 1036 1036 1101 AN.
1063 1023 1204 1121 Egone?
1233 1037 1297 1101 PH.
1322 1031 1434 1121 Quoi

462 1187 466 1208 .
487 1144 579 1227 quod
596 1139 688 1206 amris
705 1141 838 1217 domist,

248 1249 309 1310 505
420 1247 540 1331 Neque
572 1267 649 1310 curn
679 1245 778 1310 huius
818 1245 911 1308 modi
948 1265 1108 1329 umquam
1141 1241 1220 1309 risus
1250 1247 1342 1310 uenit
1376 1244 1411 1310 dt
1470 1270 1498 1303 2<

487 1350 696 1414 conflictares
713 1349 811 1414 malo.

333 1453 403 1521 ΑΝ.
426 1454 534 1518 Mihin
558 1455 704 1519 domist?
728 1454 842 1529 immo,
863 1450 897 1516 id
922 1453 1014 1537 quod
1038 1453 1139 1529 aiunt,
1157 1449 1291 1518 adribus
1315 1451 1413 1518 teneo

486 1560 621 1642 lupum:

422 1662 523 1745 [Nam
554 1682 664 1745 neque
694 1683 762 1745 quo
793 1671 894 1746 pacto
922 1682 942 1724 a
972 1681 1026 1726 me
1051 1661 1202 1726 amittam
1228 1681 1337 1746 neque
1366 1662 1411 1725 uti

488 1767 648 1830 retineam
665 1765 757 1848 scio]

334 1870 400 1935 Do.
423 1853 541 1954 ipsum
565 1870 648 1934 istuc
672 1870 717 1933 mi
741 1871 775 1932 in
801 1867 865 1933 hoc
894 1878 954 1934 est.
1000 1866 1071 1932 AN.
1103 1869 1200 1945 Heia,
1225 1869 1266 1936 ne
1293 1890 1411 1953 parurn

321 1973 328 1983 '
486 1971 561 2036 leno
577 1974 652 2038 sies.

420 2074 510 2141 Nr'nn
535 2077 616 2160 quid
641 2077 696 2141 hic
727 2077 892 2141 confecit?
923 2079 983 2141 PH.
1018 2077 1162 2142 Hicine?
1193 2074 1283 2163 quod
1307 2077 1412 2142 homo

262 2224 266 2234 ·
488 2179 809 2245 inhumanissumus:

247 2285 309 2348 510
421 2281 631 2368 Pamphilam
656 2305 765 2348 meam
791 2286 950 2350 uendidit.
996 2287 1066 2350 AN.
1092 2285 1205 2369 Quid?
1237 2286 1407 2351 uendidit?
1457 2335 1458 2339 ,

485 2386 549 2452 Gn.
574 2387 666 2452 Ain?
690 2389 860 2454 uendidit?

334 2492 397 2556 ΡΗ.
420 2493 589 2556 Vendidit.
637 2490 703 2555 Do.
738 2491 851 2574 Quam
883 2492 1057 2578 indignum
1088 2495 1226 2570 facinus,
1254 2491 1409 2559 Ancillam

485 2617 561 2660 aere
578 2592 727 2680 emptim
744 2596 839 2660 meo!

334 2700 397 2766 PH.
422 2700 564 2784 Nequeo
581 2720 722 2764 exorare
738 2697 775 2765 rit
793 2721 847 2764 me
868 2712 1000 2767 maneat
1020 2703 1054 2767 et
1075 2723 1151 2766 cum
1171 2702 1227 2766 illo
1249 2712 1286 2767 ut
1307 2704 1412 2767 mutet

479 2803 580 2867 fidem

418 2905 581 2971 Triduom
596 2907 672 2983 hoc,
689 2909 769 2972 dum
787 2909 819 2972 id
837 2908 927 2993 quod
943 2921 994 2974 est
1009 2911 1212 2994 promissum
1231 2910 1273 2974 ab
1296 2909 1410 2974 amicis

485 3021 660 3094 argentum
677 3009 800 3078 adfero.

421 3111 458 3178 Si
472 3135 540 3178 non
551 3125 628 3179 tum
644 3115 780 3192 dedero,
797 3113 898 3179 tinam
914 3126 1086 3199 praeterea
1101 3115 1217 3182 horam
1233 3139 1275 3182 ne
1291 3138 1411 3202 opper-

483 3215 536 3283 tris
553 3220 627 3284 sies.
968 3226 971 3231 ’

246 3323 307 3386 515
419 3321 485 3388 D0.
511 3303 710 3388 Obtundes?
754 3322 826 3390 AN.
850 3324 952 3388 Haud
969 3322 1138 3407 longumst
1154 3325 1187 3389 id
1204 3327 1295 3410 quod
1316 3323 1405 3391 drat:

485 3427 604 3490 exoret
619 3428 699 3490 sine.

419 3514 516 3595 idem
539 3530 593 3594 hic
616 3532 687 3607 tibi,
712 3531 803 3616 quod
827 3530 905 3597 boni
929 3533 1131 3617 promeritus
1153 3531 1262 3610 fieris,
1285 3533 1410 3598 condu-

454 3657 459 3661 “
485 3633 670 3718 piiciuerit.

332 3738 402 3804 D0.
424 3737 537 3802 Verba
569 3739 671 3803 istaec
705 3750 790 3805 sunt.
842 3739 912 3806 AN.
951 3738 1203 3824 Pdmphilamne
1233 3741 1297 3806 hac
1328 3739 1409 3805 drbe

485 3841 609 3926 priuari
625 3844 734 3907 sines?

417 3943 504 4011 Trim
521 3957 693 4029 praeterea
708 3945 835 4012 honinc
852 3968 1000 4015 amorem
1017 3946 1154 4013 distrahi
1171 3947 1302 4034 poterin
1319 3949 1411 4033 pati?

332 4049 401 4116 Do,
424 4049 545 4134 Neque
568 4071 633 4134 ego
657 4072 765 4135 neque
788 4062 834 4117 tu.
881 4050 945 4119 GE.
969 4052 1014 4116 Di
1036 4053 1096 4118 tibi
1120 4073 1237 4119 omnes
1260 4052 1294 4117 id
1318 4053 1410 4137 quod

413 4150 417 4156 ’
485 4176 520 4219 es
537 4153 658 4237 dignds
674 4155 788 4221 duintl
