3412 5100
661 459 848 522 TERENTI
875 466 1079 523 PHORMIO.

415 655 483 721 Vbi
506 655 581 720 illac
604 661 701 720 sunt?
732 653 792 720 So.
817 656 977 720 Miseram
1001 675 1066 719 me.
1108 654 1175 720 CH.
1201 654 1301 732 Hem,
1325 655 1406 739 quid

481 766 553 826 est?
577 757 758 824 uiu6ntne?
782 758 843 824 So.
867 760 961 824 Viuit
976 757 1088 842 gnata.

241 867 304 932 750
416 865 560 929 Matrem
592 861 699 947 ipsam
726 885 772 928 ex
798 861 1006 947 aegrititdine
1036 863 1100 927 hac
1132 861 1286 927 miseram
1318 883 1407 928 mors

482 965 703 1034 consectitast.

328 1073 396 1140 CH.
417 1073 508 1138 Male
539 1070 672 1137 iactum.
718 1071 778 1136 SO.
810 1071 886 1155 Ego
919 1081 1041 1148 autem,
1067 1091 1154 1156 quae
1185 1071 1293 1135 issem
1324 1092 1408 1136 anus

480 1178 611 1242 deserta
628 1196 731 1259 egens
748 1173 870 1259 ign6ta,

412 1279 461 1346 Vt
481 1279 575 1364 patui
595 1290 737 1364 nuptum
762 1278 926 1362 uirginem
949 1277 1057 1344 locaui
1085 1279 1163 1343 huic
1191 1277 1405 1354 adulescenti,
1464 1302 1477 1336 2

414 1383 545 1448 Hariim
567 1385 625 1468 qui
646 1394 698 1450 est
721 1384 877 1448 dominus
898 1383 1042 1448 atdium.
1077 1382 1145 1449 CH.
1172 1380 1406 1466 Antiph6nin?

480 1487 541 1552 So.
567 1489 642 1564 Em,
660 1485 731 1553 istic
745 1486 819 1571 ipsi.

326 1591 394 1658 CH.
417 1590 531 1676 Quid?
569 1590 696 1657 duasne
732 1612 856 1657 uxores
886 1588 1010 1656 habet?
1055 1591 1116 1656 So.
1154 1591 1223 1667 Au,
1254 1590 1405 1667 obsecro,

478 1693 580 1760 tinam
596 1696 650 1760 ilie
667 1696 803 1780 quidem
819 1695 906 1759 hanc
923 1693 1037 1759 stilam.

238 1801 301 1866 755
325 1800 394 1866 CH.
415 1798 507 1884 Quid
524 1801 613 1864 illam
629 1797 766 1865 alteram
783 1820 868 1884 quae
884 1797 1005 1864 dicitur
1029 1797 1193 1883 cognata?
1225 1797 1285 1864 SO.
1311 1799 1406 1863 Haec

478 1914 602 1987 ergost.
649 1903 716 1970 CH.
741 1902 833 1986 Quid
849 1911 919 1968 ais?

325 2007 384 2074 So.
408 2006 608 2092 Comptisito
630 2008 796 2084 factumst,
819 2005 886 2092 qud
909 2008 1012 2072 modo
1036 2007 1122 2072 hanc
1138 2004 1259 2071 'amans
1282 2007 1405 2072 habere

478 2110 595 2196 pdsset

412 2214 492 2284 Sine
522 2213 611 2281 dite.
665 2215 731 2281 CH.
770 2217 816 2281 Di
847 2215 995 2282 nostram
1025 2216 1138 2291 fidem,
1170 2235 1272 2300 quam
1302 2216 1403 2300 satpe

478 2319 705 2385 fortettmere

412 2423 583 2489 Eucniunt
616 2444 703 2507 quae
745 2444 813 2488 non
853 2421 977 2490 atideas
1014 2421 1149 2509 optare!
1191 2424 1316 2489 offendi
1348 2425 1405 2488 ad·

478 2527 616 2592 utniens

412 2629 572 2714 Quoctim
617 2632 774 2697 uolebam
818 2643 853 2698 et
896 2630 934 2725 tit
985 2633 1143 2698 uolebam
1195 2627 1404 2698 c6nlocatam

471 2736 636 2820 gndtam:

412 2837 517 2922 Quod
545 2836 604 2902 mis
632 2840 732 2905 ambo
749 2861 852 2925 opere
878 2839 1040 2906 maxumo
1071 2839 1235 2906 dabamus
1265 2861 1404 2926 operam

478 2952 516 3007 ut
532 2941 634 3018 fieret,
901 2941 905 2952 '

413 3042 493 3112 Sine
509 3044 621 3111 n6stra
636 3067 724 3122 cura,
741 3045 901 3112 maxuma
916 3070 976 3113 sua
992 3044 1071 3114 ctira
1086 3049 1140 3115 hic
1157 3049 1247 3113 solus
1263 3049 1350 3115 fecit.

326 3151 386 3216 SO.
410 3151 510 3214 Nunc
534 3149 614 3234 quid
638 3172 724 3235 opus
748 3151 836 3216 sacto
860 3150 903 3217 sit
930 3154 1025 3218 uide:
1060 3163 1156 3238 pater
1181 3152 1404 3218 adulescentis

479 3253 572 3319 utnit

414 3358 572 3441 Eumque
610 3356 723 3422 animo
763 3360 878 3444 iniquo
917 3360 983 3426 hoc
1021 3359 1149 3447 6ppid0
1185 3361 1269 3425 serre
1299 3358 1403 3426 aiunt.

477 3460 546 3527 CH.
569 3461 626 3525 Nil
642 3461 797 3546 periclist.

413 3565 481 3632 Sed
505 3567 566 3650 ptr
586 3567 668 3631 deos
690 3576 790 3651 atque
815 3567 967 3634 hominis
991 3590 1100 3634 meam
1121 3589 1196 3634 esse-
1216 3568 1304 3634 hanc
1320 3567 1403 3634 caue

480 3671 637 3735 resciscat
652 3669 840 3755 quisquam.

239 3775 302 3845 765
327 3775 386 3840 So.
411 3775 522 3839 Nemo
545 3775 564 3839 έ
587 3796 641 3840 me
664 3776 770 3842 scibit
816 3774 884 3843 CH.
909 3775 1058 3861 Sequere
1081 3797 1152 3843 me:
1181 3777 1269 3843 intus
1292 3775 1403 3842 cetera

478 3879 630 3945 audictis.
