3358 5098
23 16 221 396 s

249 491 288 555 32
664 469 850 524 aurearum
879 466 1080 523 anonimo.

334 873 513 937 nummo
564 870 690 938 Heoro
712 870 901 938 Culmuvs
921 868 1038 936 curro
1092 870 1270 936 Priorum
1308 871 1409 938 Gerr

386 1005 487 1046 SENEX
677 1001 839 1046 Anvocnm
876 1002 913 1042 111
1090 1002 1261 1045 Ptunsrrvs
1298 1004 1413 1047 SERVOS

332 1177 400 1240 Du.
424 1174 638 1262 Enumquam
655 1176 840 1260 quoiquam
855 1171 1127 1242 contumeliosius
1426 1178 1459 1240 ll
1478 1195 1495 1257 3

419 1278 574 1346 Audistis
610 1279 732 1344 factam
771 1276 933 1353 iniuriam,
966 1298 1067 1363 quam
1101 1279 1185 1343 haec
1221 1279 1272 1345 est
1306 1281 1411 1346 mihi?

246 1383 308 1446 350
417 1382 547 1451 Adeste
570 1403 707 1468 quaeso.
732 1381 818 1481 'Ge
850 1380 957 1448 Iratus
980 1392 1039 1448 est
1072 1383 1135 1448 PH.
1167 1382 1258 1465 Quin
1281 1394 1317 1450 tu
1343 1383 1408 1448 hoe

484 1509 566 1571 age:
732 1506 737 1520 ·

418 1593 491 1657 Iam
521 1613 586 1675 ego
616 1589 705 1656 hrinc
736 1589 882 1673 agitabo.
943 1588 1004 1675 pro
1037 1591 1139 1658 deum
1172 1590 1409 1666 inmortalium,

417 1697 530 1780 Negat
574 1694 736 1760 Phanium
781 1714 854 1758 esse
898 1693 986 1758 hanc
1024 1691 1087 1758 slbi
1127 1705 1307 1778 cognatam
1343 1697 1409 1760 De.-
1484 1718 1497 1770 5

483 1799 622 1883 mipho?

418 1905 517 1969 Hanc
540 1903 711 1987 Demipho
734 1913 836 1986 negat
858 1903 931 1967 esse
956 1900 1157 1984 cognatam?
1202 1901 1264 1967 GE„
1288 1904 1408 1987 Negat.

331 2011 394 2075 PH.
417 2009 538 2093 Neque
555 2006 625 2072 elus
642 2018 770 2091 patrem
792 2027 828 2070 se
850 2005 934 2070 sclre
956 2007 1013 2090 qui
1036 2004 1154 2072 fuerit?
1200 2006 1263 2071 GE.
1289 2008 1407 2092 Negat.

245 2113 306 2176 355
330 2114 397 2178 DE.
420 2113 536 2196 Ipsum
552 2112 625 2176 esse
642 2112 762 2194 opinor
778 2111 819 2175 de
837 2132 905 2193 quo
922 2111 1084 2193 agebam:
1108 2110 1296 2194 sequimini.

332 2215 411 2300 [PH.
423 2217 496 2280 Nec
539 2215 752 2298 Stilphonem
791 2215 902 2298 ipsum
938 2215 1023 2278 scire
1063 2214 1121 2298 qui
1163 2213 1282 2281 luerit?
1343 2215 1406 2282 GE.

482 2318 615 2402 Negat]

330 2427 394 2490 ΡΗ.
418 2424 507 2507 Quia
523 2425 625 2507 egens
642 2421 788 2488 relictast
803 2422 932 2498 misera,
948 2420 1120 2505 ignoratur
1135 2444 1266 2507 parens,
1467 2447 1496 2483 10

415 2529 609 2611 Neclegitur
626 2530 716 2610 ipsa:
740 2525 818 2591 ulde
834 2527 972 2591 auaritia
987 2523 1068 2609 quld
1084 2526 1172 2592 facit.

331 2633 394 2699 Gn.
417 2632 454 2698 Si
471 2653 565 2697 erum
581 2630 787 2695 lnsimulabis
805 2628 958 2705 malitiae,
977 2630 1062 2694 male
1079 2626 1204 2695 audies.

244 2739 305 2803 360
329 2740 396 2803 DE.
418 2736 450 2802 Ο
473 2733 666 2802 audaciam!
700 2736 799 2800 etiam
832 2755 884 2799 me
915 2731 1001 2799 ultro
1033 2745 1226 2800 accusatum
1256 2733 1402 2802 aduenit.

332 2841 395 2906 PH.
420 2842 508 2905 Nam
539 2841 605 2904 iam
636 2836 840 2902 adulescenti
872 2837 953 2902 nlhil
984 2847 1035 2902 est
1065 2841 1157 2921 quod
1185 2840 1405 2915 suscenseam¹

416 2944 452 3010 Si
475 2941 567 3008 illrlm
591 2945 700 3006 minus
724 2952 837 3018 norat;
869 2939 995 3026 quippe
1018 2941 1123 3006 homo
1147 2943 1214 3008 iarn
1237 2942 1404 3027 grandior,
1465 2969 1493 3021 ¹5

417 3048 556 3131 Pauper,
574 3049 653 3130 quoi
671 3047 704 3111 in
720 3067 823 3130 opere
840 3045 908 3110 ulta
924 3057 1004 3123 erat,
1020 3045 1088 3111 rurl
1103 3047 1170 3112 fere

415 3153 459 3218 Se
475 3151 668 3216 continebat
677 3173 685 3227 ;
713 3150 759 3215 lbi
776 3171 894 3234 agrum
911 3151 953 3216 de
969 3149 1083 3216 nostro
1099 3163 1191 3235 patre

416 3257 603 3322 Colendum
620 3254 775 3320 habebat.
821 3256 923 3339 saepe
940 3257 1065 3321 interea
1082 3255 1162 3321 mlhi
1179 3278 1283 3324 senex

415 3358 582 3424 Narrabat
597 3381 633 3423 se
649 3358 738 3423 hunc
756 3360 932 3443 necligere
948 3356 1128 3443 cognatum
1144 3382 1260 3426 suom:

413 3466 462 3530 At
485 3465 585 3548 quem
609 3464 737 3528 uiruml
772 3485 874 3548 quern
897 3485 962 3547 ego
986 3462 1127 3528 uiderim
1151 3465 1184 3529 in
1208 3467 1277 3532 uita
1305 3465 1402 3552 optu÷
1460 3491 1492 3529 20

479 3589 582 3632 mum.

328 3673 391 3739 GE.
414 3672 540 3738 Videas
555 3684 599 3750 te,
619 3688 720 3762 atque
737 3678 830 3743 illurn
850 3675 921 3765 [ut]
943 3676 1072 3743 narras!
1114 3679 1175 3742 PH.
1199 3679 1214 3741 Ι
1233 3679 1266 3762 in
1282 3677 1404 3745 malam

477 3782 630 3846 crucem!

411 3886 499 3949 Nam
532 3888 564 3951 ni
595 3889 673 3952 lum
705 3908 778 3952 esse
815 3883 1078 3962 existumlssem
1111 3907 1295 3972 numquam
1333 3884 1402 3952 tarn

478 4015 589 4077 grauis

239 4094 301 4160 370
414 4098 469 4164 Ob
487 4099 573 4163 hanc
591 4096 779 4161 inimicitias
795 4093 951 4178 caperem
968 4095 1001 4158 in
1018 4105 1166 4159 uostram
1182 4093 1349 4168 familiam,

414 4203 525 4287 Quam
543 4203 569 4267 is
585 4200 781 4284 aspernatur
796 4197 884 4264 minc
900 4209 968 4265 tam
985 4197 1207 4264 inliberaliter.
