3358 5098
673 505 858 561 TERENTI
886 503 1088 559 PHORMIO.

721 736 824 801 Gm
912 737 1039 800 Divos

729 869 820 910 SERVI
962 867 986 908 11

344 1011 408 1077 GE.
432 1013 467 1079 Si
491 1011 565 1096 quis
589 1033 644 1077 me
667 1022 804 1095 quaeret
826 1008 917 1074 rufus
940 1059 947 1075 .
972 1059 979 1075 .
1004 1007 1068 1072 DA
1095 1005 1271 1086 Praestost‚
1291 1002 1412 1070 desine.
1447 1002 1503 1064 12

497 1116 561 1181 Ge.
593 1116 659 1190 Oh,

430 1220 481 1284 At
517 1241 582 1303 ego
620 1217 753 1283 dbuiam
793 1216 940 1282 condbar
976 1216 1046 1293 tibi,
1085 1215 1193 1278 Daue.
1255 1213 1321 1276 DA.
1353 1193 1419 1274 Ᾱε-

496 1326 582 1408 cipe,
599 1344 671 1387 em:

431 1426 621 1504 Lectumst;
649 1427 827 1491 conueniet
842 1423 999 1489 m'rmerus
1015 1433 1176 1507 quantum
1194 1421 1304 1485 debui.

345 1530 409 1597 GE.
434 1530 524 1595 Am6
540 1543 583 1607 te,
600 1541 634 1596 et
649 1552 717 1594 non
733 1530 916 1594 neclexisse
932 1529 1042 1592 habeo
1059 1525 1208 1610 gretiam.

258 1636 298 1699 55
345 1637 410 1700 DA.
435 1636 629 1700 Praesertim
647 1644 684 1700 ut
699 1656 786 1698 nunc
803 1645 880 1698 sunt
896 1630 1021 1696 mures:
1049 1634 1133 1695 adeo
1152 1631 1201 1693 res
1219 1629 1321 1692 redit:
1492 1645 1505 1696 5

433 1738 469 1804 Si
486 1737 560 1824 quis
577 1741 658 1824 quid
674 1740 791 1813 reddit,
808 1735 930 1820 mugna
945 1736 1131 1800 habendast
1147 1731 1262 1816 gretia.

434 1842 501 1908 Sed
533 1843 614 1928 quid
644 1855 680 1908 tu
712 1865 747 1907 es
778 1842 901 1907 tristis?
948 1840 1011 1905 GE.
1043 1821 1184 1921 Egone?
1216 1837 1323 1901 nescis
1349 1853 1417 1919 quo

499 1946 532 2011 in
557 1957 659 2022 metu,

433 2051 570 2134 Quanto
605 2049 638 2114 in
674 2051 800 2134 periclo
831 2047 953 2113 simus!
1013 2046 1078 2110 DA
1112 2045 1203 2128 Quid
1234 2046 1318 2110 istuc
1349 2045 1419 2109 est?

499 2155 560 2219 GE.
593 2155 696 2230 Scies,
839 2221 840 2226 ,

434 2259 540 2323 Modo
558 2255 594 2323 uit
608 2269 717 2324 tacere
734 2255 847 2342 p6ssi8.
895 2257 962 2320 DA.
986 2253 1067 2330 Abi,
1083 2255 1138 2330 εἰς,
1155 2252 1314 2317 insciens:

434 2362 566 2444 Quoius
583 2360 618 2426 tri
635 2363 736 2426 fidem
753 2363 785 2425 iu
802 2358 945 2445 pecunia
961 2359 1181 2444 perspexerim
1479 2377 1508 2414 10

432 2466 558 2530 Vere're
575 2468 678 2530 uerba
693 2468 722 2530 ei
739 2466 894 2530 credere?
940 2465 997 2528 ubi
1014 2464 1095 2548 quid
1113 2462 1192 2526 mihi
1210 2463 1325 2526 lucrist

433 2570 481 2634 Te
495 2569 628 2634 fellere?
674 2569 736 2633 GE.
765 2571 857 2651 Ergo
870 2567 1029 2633 ausculta.
1076 2568 1144 2631 DA.
1171 2568 1270 2631 Hanc
1283 2585 1421 2650 operam

500 2673 559 2738 tibi
576 2676 660 2739 dic0.

347 2779 409 2842 GE.
436 2778 533 2842 Senis
549 2775 661 2853 mistri,
679 2779 785 2852 Daue,
803 2774 936 2842 fritrem
953 2777 1110 2842 maiorem
1130 2775 1308 2840 Chremem

435 2880 578 2947 Nostin?
624 2883 692 2945 DA.
725 2881 896 2964 Quidni?
943 2882 1006 2948 GE.
1039 2881 1152 2964 Quid?
1191 2881 1261 2944 e'ius
1284 2888 1422 2962 gnatum

175 3053 177 3056 .
501 2986 718 3050 Phaedriam?

261 3091 301 3156 65
349 3091 416 3156 DA.
438 3091 521 3153 Tam
549 3088 650 3173 qur'rm
689 3100 731 3155 te.
804 3088 868 3153 GE.
908 3091 1031 3155 Euenit
1073 3090 1208 3154 senibus
1258 3086 1423 3153 ambobus
1481 3109 1510 3161 15

501 3192 599 3257 simul

436 3297 504 3362 Iter
520 3295 565 3360 illi
582 3298 615 3360 in
632 3297 798 3360 Lemnum
815 3308 853 3361 ut
867 3297 964 3373 esset,
982 3308 1096 3363 nostro
1114 3299 1145 3361 in
1164 3295 1314 3362 Ciliciam

435 3401 493 3464 Ad
510 3398 676 3484 hrispitem
692 3402 873 3484 antiquom.
920 3400 947 3466 is
963 3423 1076 3465 senem
1095 3423 1155 3485 per
1170 3399 1328 3484 epistulas

436 3505 584 3580 Perrexit,
602 3506 705 3569 modo
722 3527 789 3569 non
806 3504 925 3569 muntis
942 3507 1011 3570 auri
1028 3504 1198 3589 pullicens.

346 3610 413 3674 DA.
439 3608 530 3694 Quui
545 3607 637 3674 tenta
652 3619 722 3674 erat
738 3630 789 3673 res
805 3610 838 3672 et
854 3615 1045 3692 supererat?
1091 3609 1155 3673 GE.
1187 3608 1346 3673 Desinas:

138 3805 142 3812 ι
263 3714 304 3780 70
438 3713 497 3777 sic·
539 3714 590 3779 est
639 3715 820 3796 ingenium.
881 3714 946 3778 DA.
983 3713 1047 3791 Oh,
1091 3714 1204 3796 regem
1251 3734 1305 3776 me
1352 3733 1425 3776 esse
1482 3737 1511 3772 20

503 3814 658 3898 opdrtuit;

240 3962 246 3977 x
347 3919 412 3986 GE.
436 3915 612 3985 Abei'mies
628 3922 728 3985 ambo
742 3922 796 3985 hic
812 3919 882 3986 tum
898 3942 994 3986 senes
1011 3943 1063 3984 me
1080 3920 1156 3985 siliis

439 4023 647 4108 Relinquont
680 4026 775 4108 quasi
810 4024 1013 4108 magistrum.
1069 4027 1134 4089 DA·
1168 4025 1198 4090 Ο
1227 4023 1321 4101 Geta,
1350 4045 1425 4109 pro-

504 4127 648 4193 uinciam

439 4232 566 4317 Cepisti
584 4234 711 4296 duram.
758 4233 822 4296 GE.
855 4234 904 4298 Mi
921 4231 1000 4298 risus
1017 4234 1117 4309 uenit,
1135 4230 1198 4297 h6c
1215 4233 1304 4296 scio:
