3358 5098
231 515 274 576 60
649 507 833 562 rausum
862 508 1065 565 Pisonum.

231 699 293 762 640
317 696 386 761 CH.
407 693 516 759 Immd
532 717 599 761 non
615 697 726 779 potuit
741 698 858 762 mdlius
874 697 1080 784 peruenirier
1452 723 1485 775 35

406 799 459 864 Eo
492 798 559 884 qud
591 820 652 864 nos
684 801 849 866 uolumus.
894 802 965 868 AN.
1005 783 1144 867 Occidi!
1191 802 1260 866 DE.
1292 803 1396 886 Perge

472 904 592 988 dloqui.
1459 963 1462 969 .

319 1010 382 1077 (ΞΕ.
406 1009 441 1073 A
457 1007 566 1094 primo
585 1008 687 1072 homo
704 1006 876 1075 insanibat
922 1011 989 1076 CH.
1021 1011 1116 1078 Cedo
1133 1011 1212 1095 quid
1229 1010 1396 1095 pdstulat?

318 1114 381 1181 (ΞΕ.
407 1114 520 1198 Quid?
545 1110 685 1176 nimium
702 1123 876 1196 quantum.
916 1114 982 1180 CH.
1010 1113 1209 1192 Qudntum?
1230 1116 1294 1181 dic.
1333 1113 1395 1179 (ΞΕ.

471 1219 506 1285 Si
523 1217 597 1303 quls
614 1219 709 1280 daret
1299 1305 1301 1312 Α

403 1324 580 1388 Talentum
605 1341 774 1404 magnum.
822 1323 888 1386 DE.
919 1321 1026 1386 Immd
1049 1325 1175 1387 malum
1198 1323 1326 1388 hercle:
1362 1333 1398 1387 ut

472 1428 516 1493 nil
532 1428 655 1512 pudet!

232 1532 293 1596 645
318 1530 381 1596 (ΞΕ.
407 1532 508 1616 Quod
525 1531 595 1597 dlxi
612 1535 697 1597 adeo
715 1545 763 1596 er:
794 1531 949 1616 ‘quaesm
967 1531 1047 1614 quid
1064 1532 1091 1594 si
1108 1529 1211 1594 llliam

405 1636 509 1702 Suam
525 1635 657 1702 {micam
673 1635 819 1702 loedret?
843 1636 938 1718 parui
958 1635 992 1697 re
1008 1635 1084 1698 tulit

404 1741 482 1805 Non
498 1739 701 1827 sdscepisse:
729 1744 897 1808 inuentast
912 1762 998 1825 quae
1016 1740 1129 1804 dotem
1146 1739 1257 1822 petat!

405 1846 452 1910 Vt
467 1847 509 1909 ad
526 1844 633 1930 pallea
649 1849 783 1912 redeam
800 1870 839 1912 ac
856 1845 984 1910 mittam
1001 1845 1088 1908 illius
1105 1845 1255 1929 ineptias

408 1949 502 2013 Haec
519 1941 663 2035 denique
679 1955 750 2016 eius
766 1953 827 2018 fult
843 1963 1014 2037 postrema
1031 1949 1157 2015 ordtio:

407 2053 522 2136 ‘Ego'
540 2052 647 2139 lnquit
664 2060 702 2119 ‘a
717 2057 882 2142 principio
901 2059 998 2122 amici
1017 2055 1130 2133 liliam,
1453 2080 1484 2133 45

408 2158 459 2221 lta
475 2167 512 2222 ut
526 2159 670 2242 aequom
686 2159 802 2238 suerat,
820 2162 909 2227 udlui
928 2185 1070 2228 uxorem
1088 2162 1227 2243 ddcere;

408 2260 498 2323 Nam
515 2261 595 2325 mlhi
612 2263 750 2330 uenzbat
766 2263 799 2329 ln
816 2279 961 2333 mentem
979 2271 1049 2334 eius
1067 2268 1329 2348 incdmmodum,

408 2365 448 2427 In
464 2366 657 2431 seruitutem
673 2367 856 2453 padperem
872 2375 914 2437 ad
931 2375 1034 2439 ditem
1051 2377 1131 2440 dari.

409 2469 477 2533 Sed
494 2470 539 2533 mi
555 2468 640 2554 dpus
657 2482 736 2549 erat,
754 2484 790 2539 ut
806 2477 918 2559 aperte
935 2480 994 2543 tibi
1012 2503 1100 2546 nunc
1118 2481 1257 2560 fabuler,

407 2570 664 2656 Aliquantulum
681 2597 766 2659 quae
782 2580 933 2657 adferret,
951 2586 1007 2666 qui
1024 2587 1241 2653 dissdluerem
1458 2615 1487 2666 50

410 2674 506 2758 Quae
522 2678 648 2743 debeo:
676 2690 709 2745 et
725 2679 825 2746 etiam
841 2705 939 2762 nunc,
956 2690 984 2752 si
1001 2693 1072 2757 uolt
1088 2695 1260 2779 Demipho
1332 2709 1336 2716 ’

408 2779 498 2844 Dare
520 2780 682 2864 quintum
703 2785 745 2848 ab
769 2786 831 2851 hac
855 2789 994 2875 accipio,
1020 2817 1106 2879 quae
1130 2798 1286 2883 sponsdst
1309 2801 1399 2878 mihi,

408 2881 542 2948 Nullam
560 2886 640 2949 mihi
657 2889 769 2952 malim
786 2912 887 2975 quam
903 2893 1008 2962 lstanc
1026 2904 1166 2967 uxorem
1183 2905 1275 2969 dari.'

322 2985 391 3051 ΑΝ.
412 2985 532 3052 vnum
548 2991 686 3055 stultitia
702 2990 810 3058 facere
827 3017 891 3079 ego
907 3000 997 3065 hunc
1014 3025 1055 3067 an
1072 3005 1197 3072 mdlitia

235 3091 297 3155 660
409 3089 539 3166 Dicdm,
556 3095 716 3159 scientem
733 3118 774 3161 an
792 3097 1035 3184 inprudentem,
1053 3109 1197 3176 incertus
1213 3133 1297 3178 sum.
1456 3136 1487 3190 55

322 3195 389 3260 DE.
411 3194 502 3277 Quid
533 3198 559 3260 si
593 3195 739 3263 animam
776 3204 898 3271 debet?
959 3209 1023 3277 (ΞΕ.
1070 3202 1186 3296 ‘Ager
1223 3219 1400 3302 oppositus

475 3298 607 3382 pignori

409 3403 464 3468 Ob
495 3405 613 3469 decem
644 3410 749 3475 minas
776 3410 846 3479 est.'
891 3417 959 3481 DE.
991 3407 1069 3503 llge
1092 3444 1165 3505 age,
1189 3424 1255 3488 iam
1278 3424 1396 3492 ducat:

475 3509 575 3572 dabo.

322 3609 384 3676 GE.
410 3611 615 3681 ‘Aedlculae
646 3621 727 3685 item
757 3633 835 3688 sunt
858 3623 901 3690 db
930 3628 1047 3692 decem
1072 3632 1171 3696 alias!
1217 3635 1281 3697 DE.
1314 3633 1399 3708 Olet,

408 3715 599 3787 Nimidmst.
625 3723 692 3788 CH.
710 3727 762 3790 Ne
773 3729 897 3794 clama:
918 3734 1259 3815 rlpetitohasceame
1271 3739 1398 3802 decem.

234 3818 296 3882 665
322 3817 385 3883 GE.
410 3820 541 3886 ‘deri
559 3829 704 3892 emunda
720 3829 922 3911 ancillulast;
950 3844 1022 3899 tum
1039 3836 1192 3921 pldscula

409 3924 623 4010 Supellectile
640 3955 726 4017 opus
750 3945 816 4012 est;
843 3936 928 4021 dpus
951 3950 1002 4004 est
1022 3953 1158 4026 sumptu
1180 3945 1222 4008 ad
1247 3943 1395 4029 ndptias:

410 4029 473 4093 His
490 4034 589 4098 rebus
597 4047 697 4118 porro
712 4036 792 4103 sane
808 4041 916 4124 pone'
938 4042 1046 4126 inquit
1070 4048 1208 4111 ‘decem
1233 4043 1398 4136 [minas].’

324 4131 391 4194 DE.
414 4134 589 4202 Sescentas
606 4141 746 4223 proinde
763 4142 899 4209 scribito
916 4147 982 4210 iam
998 4146 1078 4212 mlhi
1095 4150 1205 4216 dicas:

410 4239 465 4304 Nil
482 4241 536 4306 do.
583 4241 756 4328 lnpuratus
773 4268 826 4311 me
842 4247 897 4314 ille
914 4260 951 4316 ut
965 4252 1066 4317 etiam
1082 4253 1242 4321 inrideat?
