3412 5100
681 481 865 536 TERENTI
894 481 1098 536 PHORMIO.

584 955 685 1020 Gerr
772 954 946 1019 Armeno
1037 955 1209 1018 PHORMIO

580 1103 695 1144 SERVOS
767 1103 967 1144 ADVLESCENS
1039 1103 1208 1144 PARAsrrvs

350 1297 414 1361 GE.
439 1279 470 1362 O
486 1299 513 1361 F
516 1308 645 1372 ortana,
659 1319 680 1362 o
698 1297 779 1362 Frirs
796 1299 954 1372 Fortuna,
968 1296 1100 1382 quintis
1118 1295 1424 1374 commodititibus,
1447 1298 1479 1362 V
1495 1298 1513 1359 6

438 1400 550 1484 Quem
577 1403 689 1466 subito
715 1423 791 1466 meo
819 1422 876 1466 ero
900 1390 1089 1486 Antiphoni
1114 1423 1179 1486 ope
1204 1400 1316 1466 uristra
1338 1402 1427 1465 hunc

502 1506 663 1571 onerastis
680 1507 787 1570 diem!

346 1610 415 1673 AN.
441 1597 532 1692 Q'urd
563 1631 640 1674 nam
671 1611 726 1675 hic
756 1611 818 1675 sibi
851 1612 943 1676 uolt?
967 1610 1030 1674 GE.
1054 1608 1182 1694 n6sque
1206 1611 1332 1674 amicos
1356 1607 1427 1674 eius

503 1713 709 1778 exonerastis
727 1715 836 1779 metu!

438 1817 505 1882 Sed
535 1839 600 1900 ego
631 1839 719 1882 nunc
750 1819 830 1883 mihi
863 1820 966 1894 cesso,
990 1818 1047 1902 qui
1071 1838 1139 1881 non
1162 1815 1315 1882 rimerum
1338 1817 1428 1882 hunc

502 1942 605 1985 onero
622 1919 724 2006 pillio

263 2023 325 2088 845
436 2013 550 2110 Atque
566 2025 738 2090 hominem
756 2048 901 2111 propero
918 2027 1074 2102 inuenire,
1093 2037 1129 2092 ut
1144 2027 1227 2091 haec
1244 2046 1329 2109 quae
1342 2046 1422 2090 con-

544 2129 679 2212 tigerint
694 2132 786 2196 sciat.

348 2232 418 2297 AN.
441 2230 531 2296 Nrim
554 2244 589 2297 tu
614 2233 789 2317 intellegis,
813 2236 893 2318 quid
918 2236 971 2300 hic
996 2242 1126 2300 narret?
1159 2236 1222 2300 PH.
1255 2232 1345 2299 Nrim
1369 2241 1428 2300 tu?

402 2422 409 2431 Ι
501 2337 570 2402 ΑΝ.
595 2338 662 2401 Nil.
711 2337 774 2402 PH.
799 2337 1010 2403 Tantrindem
1026 2361 1101 2422 ego,

351 2441 414 2506 GE.
438 2430 494 2506 Ad
511 2442 666 2506 lenonem
679 2441 757 2506 hinc
774 2442 820 2506 ire
837 2464 993 2526 pergam:
1022 2444 1066 2507 ibi
1083 2442 1171 2508 minc
1188 2454 1273 2509 sunt.

501 2546 569 2608 AN.
594 2546 699 2621 HeuS,
716 2545 819 2610 Geta!
848 2545 909 2610 GE.
935 2534 999 2610 Em
1017 2548 1097 2612 tibi:

436 2648 526 2713 Nrim
558 2651 677 2713 mirum
708 2661 765 2714 aut
795 2649 952 2716 nourimst
983 2653 1141 2726 reuocari,
1166 2649 1298 2717 crirsum
1324 2673 1427 2736 quom

501 2751 677 2818 institeris?
714 2753 784 2818 AN.
810 2753 903 2818 Geta.

349 2856 411 2921 GE.
438 2858 546 2940 Pergit
577 2858 697 2922 hercle.
737 2856 920 2942 nimquam
950 2870 985 2925 tu
1018 2861 1097 2924 odio
1128 2858 1186 2924 turi
1218 2880 1271 2924 me
1303 2861 1427 2924 uinces.

494 2962 563 3025 AN.
589 2960 665 3026 N6n
683 2968 819 3027 manes?

262 3063 576 3148 850612.vrpu1a.
608 3065 677 3130 AN.
710 3066 749 3130 Id
781 3067 917 3150 quidem
941 3066 1001 3132 tibi
1026 3068 1091 3131 iam
1116 3067 1182 3143 fiet,
1208 3067 1268 3132 nisi
1293 3067 1426 3142 resistis,
1488 3089 1518 3126 ιο

503 3169 651 3234 uerber0.

349 3272 411 3338 GE.
438 3270 697 3337 Fe'rmiliaririrem
714 3284 850 3358 oportet
865 3276 937 3340 esse
962 3276 1072 3340 hunc:
1099 3273 1269 3340 minitatrir
1292 3276 1426 3339 malum.

434 3376 500 3441 Sed
526 3377 595 3441 isne
619 3387 670 3442 est
701 3400 801 3462 quem
834 3401 959 3464 quaero
989 3377 1032 3442 in
1065 3379 1155 3443 non?
1188 3380 1303 3464 ipsust.
1350 3377 1428 3443 crin·

501 3482 640 3563 gredere
657 3481 816 3548 actutim.
847 3483 915 3547 AN.
941 3483 1033 3566 Quid
1050 3483 1123 3548 est?

349 3585 412 3650 GE.
438 3583 469 3649 O
492 3583 653 3662 bmnium,
679 3585 872 3670 quantrimst
896 3589 953 3671 qui
976 3589 1104 3663 uiuont,
1128 3585 1229 3651 hrimo
1253 3587 1428 3650 hominum

502 3689 740 3754 ornatissume!

436 3792 523 3856 Nim
540 3795 610 3858 sine
628 3793 857 3859 controurirsia
874 3796 915 3859 ab
933 3796 983 3860 dis
999 3793 1088 3858 sdlus
1105 3794 1252 3878 diligere,
1263 3782 1427 3878 Antipho.

262 3898 324 3962 855
348 3897 419 3961 AN.
444 3882 495 3962 ita
518 3899 636 3975 uelim;
664 3900 723 3963 sed
748 3898 805 3983 qui
829 3900 912 3963 istuc
937 3901 1071 3963 credam
1095 3900 1141 3963 ita
1162 3900 1236 3963 esse
1260 3899 1341 3963 mihi
1361 3895 1427 3962 dici
1489 3919 1518 3972 ¹5

503 4002 613 4065 uelim.

350 4105 411 4170 GE.
440 4103 553 4171 Sitine
607 4116 657 4170 est
708 4108 735 4170 si
792 4117 824 4172 te
884 4107 1068 4172 delibutum
1124 4104 1245 4191 garidio
1303 4107 1428 4171 reddo?

503 4210 571 4274 AN.
599 4198 728 4275 Enicas,
