3412 5100
232 477 275 540 94
652 455 836 511 TERENTI
864 457 1062 512 PHORMIO.

319 645 385 710 DE.
406 644 507 708 Enim
523 643 654 728 nequeo
670 644 778 709 solus:
805 643 955 710 Adcurre.
1002 646 1063 710 ΡΗ.
1086 645 1162 710 Vna
1178 641 1327 710 iniririast
1448 668 1480 718 90

404 745 541 813 Teciim.
602 744 667 812 DE.
717 747 809 831 Lege
848 749 939 830 agito
981 768 1073 832 ergo.
1102 790 1104 794 -
1133 748 1195 814 PH.
1245 736 1394 813 Alterast

469 847 592 927 tectim,
617 850 788 916 Chremes.

232 958 293 1022 985
318 957 384 1023 CH.
406 957 503 1041 Rape
518 953 617 1020 hiinc.
657 956 718 1019 ΡΗ.
744 955 800 1020 Sic
813 957 931 1038 agitis?
954 956 1137 1021 enimuero
1153 956 1269 1020 uocest
1284 976 1388 1039 opus:

405 1059 624 1136 Nausistrata,
649 1061 715 1124 exi.
762 1059 827 1125 CH.
859 1061 907 1125 Os
930 1058 1083 1144 6pprime
1107 1057 1280 1143 inpuri'xm:
1315 1060 1393 1123 uide

404 1163 577 1248 Quanttim
609 1165 707 1231 ualet.
769 1164 832 1229 PH.
871 1162 1088 1240 Nausistrata,
1126 1165 1271 1247 inquam.
1325 1163 1390 1226 DE.

471 1268 548 1333 N6n
564 1275 677 1334 taces?

317 1375 381 1440 PH.
404 1372 571 1438 Taceim?
599 1375 665 1438 DE.
678 1373 763 1454 ,Nisi
780 1373 938 1456 sequitur,
955 1369 1088 1456 prignos
1104 1372 1136 1435 in
1154 1381 1305 1435 uentrem
1447 1391 1478 1442 95

470 1476 591 1561 ingere.

318 1583 381 1647 ΡΗ.
404 1581 468 1647 Vel
483 1580 618 1646 (iculum
635 1582 791 1666 exculpe:
819 1576 941 1645 esttibi
959 1599 1020 1643 uos
1037 1576 1176 1643 ulciscer
1191 1578 1307 1662 probe.

338 1955 595 2037 Nsvsrsrniri
662 1969 839 2035 CHREMEs
929 1971 1106 2034 nemesio
1195 1969 1369 2033 ΡΗοκΜιο

405 2119 524 2159 MVLIER
702 2119 797 2160 SENES
1008 2119 1031 2159 11
1195 2116 1365 2160 PARASITVS

231 2292 293 2356 990
320 2293 405 2358 ΙΝΑ.
429 2292 497 2375 Qui
529 2291 676 2356 neminat
706 2298 782 2356 me?
819 2291 908 2367 hem,
936 2292 1016 2376 quid
1040 2294 1125 2357 istuc
1148 2293 1308 2369 turbaest‚
1332 2293 1390 2358 6b-
1410 2295 1478 2373 V9

490 2417 594 2472 secro,

426 2501 476 2564 Mi
500 2497 571 2565 uit?
606 2501 668 2592 ΡΗ.
705 2501 824 2575 Ehem,
853 2501 932 2583 quid
957 2521 1045 2564 nunc
1068 2500 1279 2586 dbstipuisti?
1324 2504 1391 2568 ΝΑ.

491 2602 576 2686 Quis
592 2604 647 2667 hic
664 2604 820 2668 homost?

424 2709 502 2772 Non
526 2707 608 2772 mihi
632 2709 835 2791 respondes?
880 2710 943 2774 ΡΗ.
969 2709 1091 2774 Hicine
1115 2721 1152 2775 ut
1174 2713 1233 2776 tibi
1257 2710 1391 2796 respen-

491 2814 579 2888 deat,

426 2916 493 2999 Qui
513 2916 623 2979 hercle
642 2914 699 2979 tibi
719 2916 761 2980 sit
783 2917 908 2980 nescit?
934 2917 999 2982 CH.
1026 2918 1118 2984 Ceiue
1138 2919 1191 2985 isti
1211 2921 1391 3004 quicquam

490 3021 639 3084 creditas,

338 3127 401 3190 ΡΗ.
425 3124 505 3200 Abi,
522 3122 640 3208 tinge:
667 3125 694 3188 si
711 3146 777 3189 non
793 3123 881 3189 tetus
899 3126 1005 3209 friget,
1024 3148 1077 3191 me
1092 3129 1196 3194 enica.
1464 3151 1477 3203 5

229 3230 291 3299 995
338 3230 405 3295 CH.
427 3229 483 3292 Nil
521 3229 578 3293 est
639 3229 703 3293 NA„
750 3228 841 3311 Quid
881 3238 984 3312 ergo?
1030 3230 1111 3314 quid
1150 3233 1222 3297 istic
1261 3240 1391 3299 narrat?

491 3334 552 3397 ΡΗ.
578 3331 650 3396 Ιέιιη
667 3334 768 3397 scies:

424 3434 598 3502 Auscsilta.
645 3436 711 3502 CH.
751 3439 870 3521 Pergin
901 3440 1061 3503 credere?
1102 3440 1168 3504 NA.
1204 3440 1294 3523 Quid
1326 3463 1401 3525 ego*

489 3540 629 3606 ebsecro

426 3645 517 3710 Huic
548 3647 692 3721 credam,
724 3646 781 3730 qui
812 3646 857 3709 nil
889 3645 995 3711 dixit?
1042 3647 1103 3711 ΡΗ.
1136 3648 1266 3714 Delireit
1292 3651 1392 3716 miser

423 3748 567 3815 Timere.
607 3752 673 3814 NA.
697 3751 775 3813 Non
793 3750 850 3833 pol
866 3751 1030 3825 temerest,
1045 3753 1136 3834 quod
1149 3762 1184 3816 tu
1201 3752 1270 3818 tem
1282 3755 1390 3819 times.

338 3853 404 3920 CH.
427 3854 527 3937 Egon
551 3853 675 3918 timeo?
708 3855 770 3918 PH.
796 3855 901 3918 Recte
924 3852 1020 3918 sine:
1057 3856 1192 3938 quando
1216 3856 1261 3921 nil
1284 3859 1412 3933 times·
1450 3883 1478 3920 ιο

231 3959 314 4023 1000
425 3959 470 4024 Et
485 3958 551 4023 hoc
567 3956 612 4022 nil
629 3958 786 4041 estquod
803 3979 867 4039 ego
884 3956 970 4032 dico,
986 3968 1022 4022 tu
1043 3957 1146 4025 narri.
1172 3961 1238 4026 DE.
1263 3961 1390 4037 Scelus,

425 4062 501 4127 Tibi
533 4060 662 4126 nerret?
702 4062 761 4125 ΡΗ.
787 4062 862 4127 Ohe
885 4071 931 4137 tu,
956 4060 1114 4127 sectumst
1136 4064 1195 4128 abs
1218 4075 1251 4129 te
1275 4066 1390 4130 sedulo

426 4168 490 4232 Pro
506 4164 613 4230 fritre.
637 4165 703 4230 NA.
729 4166 777 4229 Mi
795 4166 854 4240 uir,
871 4163 937 4228 n6n
954 4167 1034 4229 mihi
1051 4167 1164 4232 dices?
1187 4167 1254 4233 CH.
1277 4157 1327 4235 At
1350 4220 1356 4234 .
1382 4220 1389 4234 .
