<?xml version="1.0" encoding="UTF-8"?>
<!DOCTYPE html PUBLIC "-//W3C//DTD XHTML 1.0 Transitional//EN"
    "http://www.w3.org/TR/xhtml1/DTD/xhtml1-transitional.dtd">
<html xmlns="http://www.w3.org/1999/xhtml" xml:lang="en" lang="en">
 <head>
  <title>
</title>
<meta http-equiv="Content-Type" content="text/html;charset=utf-8" />
  <meta name='ocr-system' content='tesseract 3.04.00' />
  <meta name='ocr-capabilities' content='ocr_page ocr_carea ocr_par ocr_line ocrx_word'/>
</head>
<body>
  <div class='ocr_page' id='page_1' title='image "./pterentiafripho00greegoog/pterentiafripho00greegoog_0117.png"; bbox 0 0 3412 5100; ppageno 0'>
   <div class='ocr_carea' id='block_1_1' title="bbox 235 466 1069 548">
    <p class='ocr_par' dir='ltr' id='par_1_1' title="bbox 235 466 1069 548">
     <span class='ocr_line' id='line_1_1' title="bbox 235 466 1069 548; baseline 0.006 -31"><span class='ocrx_word' id='word_1_1' title='bbox 235 486 276 548; x_wconf 86' lang='lat'>92</span> <span class='ocrx_word' id='word_1_2' title='bbox 654 466 839 520; x_wconf 88' lang='lat' dir='ltr'><strong>TERENTI</strong></span> <span class='ocrx_word' id='word_1_3' title='bbox 868 467 1069 522; x_wconf 89' lang='lat' dir='ltr'><strong>PHORMIO.</strong></span> 
     </span>
    </p>
   </div>
   <div class='ocr_carea' id='block_1_2' title="bbox 234 651 1529 4272">
    <p class='ocr_par' dir='ltr' id='par_1_2' title="bbox 234 651 1529 4272">
     <span class='ocr_line' id='line_1_2' title="bbox 323 651 1394 738; baseline 0.001 -20"><span class='ocrx_word' id='word_1_4' title='bbox 323 652 389 718; x_wconf 89' lang='lat' dir='ltr'>CH.</span> <span class='ocrx_word' id='word_1_5' title='bbox 411 652 489 735; x_wconf 89' lang='lat' dir='ltr'>Quo</span> <span class='ocrx_word' id='word_1_6' title='bbox 507 651 607 738; x_wconf 70' lang='lat' dir='ltr'>pacto</span> <span class='ocrx_word' id='word_1_7' title='bbox 624 665 681 718; x_wconf 89' lang='lat' dir='ltr'>aut</span> <span class='ocrx_word' id='word_1_8' title='bbox 698 656 786 718; x_wconf 89' lang='lat' dir='ltr'>unde</span> <span class='ocrx_word' id='word_1_9' title='bbox 803 656 856 719; x_wconf 92' lang='lat' dir='ltr'>hic</span> <span class='ocrx_word' id='word_1_10' title='bbox 873 656 956 720; x_wconf 75' lang='lat' dir='ltr'>haec</span> <span class='ocrx_word' id='word_1_11' title='bbox 973 657 1128 721; x_wconf 80' lang='lat' dir='ltr'>resciuit?</span> <span class='ocrx_word' id='word_1_12' title='bbox 1162 658 1229 720; x_wconf 84' lang='lat' dir='ltr'>DE.</span> <span class='ocrx_word' id='word_1_13' title='bbox 1253 656 1376 720; x_wconf 73' lang='lat' dir='ltr'>Nescio</span> <span class='ocrx_word' id='word_1_14' title='bbox 1386 677 1394 733; x_wconf 92' lang='lat'>;</span> 
     </span>
     <span class='ocr_line' id='line_1_3' title="bbox 408 757 1487 824; baseline 0.006 -4"><span class='ocrx_word' id='word_1_15' title='bbox 408 758 481 820; x_wconf 90' lang='lat' dir='ltr'>Nisi</span> <span class='ocrx_word' id='word_1_16' title='bbox 499 759 551 820; x_wconf 73' lang='lat' dir='ltr'>me</span> <span class='ocrx_word' id='word_1_17' title='bbox 568 758 692 822; x_wconf 87' lang='lat' dir='ltr'>dixisse</span> <span class='ocrx_word' id='word_1_18' title='bbox 709 759 833 822; x_wconf 78' lang='lat' dir='ltr'>nemini</span> <span class='ocrx_word' id='word_1_19' title='bbox 849 757 941 823; x_wconf 79' lang='lat' dir='ltr'>cert6</span> <span class='ocrx_word' id='word_1_20' title='bbox 957 761 1037 824; x_wconf 93' lang='lat' dir='ltr'>scio.</span> <span class='ocrx_word' id='word_1_21' title='bbox 1455 768 1487 816; x_wconf 83' lang='lat'>60</span> 
     </span>
     <span class='ocr_line' id='line_1_4' title="bbox 321 860 1399 940; baseline -0.001 -13"><span class='ocrx_word' id='word_1_22' title='bbox 321 861 387 927; x_wconf 86' lang='lat' dir='ltr'>Cn.</span> <span class='ocrx_word' id='word_1_23' title='bbox 409 862 563 936; x_wconf 89' lang='lat' dir='ltr'><strong>Monstri,</strong></span> <span class='ocrx_word' id='word_1_24' title='bbox 604 860 649 926; x_wconf 87' lang='lat' dir='ltr'>ita</span> <span class='ocrx_word' id='word_1_25' title='bbox 687 883 740 926; x_wconf 89' lang='lat' dir='ltr'>me</span> <span class='ocrx_word' id='word_1_26' title='bbox 783 864 817 927; x_wconf 92' lang='lat' dir='ltr'>di</span> <span class='ocrx_word' id='word_1_27' title='bbox 857 873 979 940; x_wconf 90' lang='lat' dir='ltr'>ament,</span> <span class='ocrx_word' id='word_1_28' title='bbox 1016 862 1132 928; x_wconf 86' lang='lat' dir='ltr'>simile.</span> <span class='ocrx_word' id='word_1_29' title='bbox 1194 866 1256 928; x_wconf 88' lang='lat' dir='ltr'>PH.</span> <span class='ocrx_word' id='word_1_30' title='bbox 1296 864 1399 928; x_wconf 87' lang='lat' dir='ltr'>Inieci</span> 
     </span>
     <span class='ocr_line' id='line_1_5' title="bbox 474 963 919 1049; baseline 0 -19"><span class='ocrx_word' id='word_1_31' title='bbox 474 963 678 1049; x_wconf 76' lang='lat' dir='ltr'>scrupulum.</span> <span class='ocrx_word' id='word_1_32' title='bbox 726 965 793 1029; x_wconf 84' lang='lat' dir='ltr'>DE.</span> <span class='ocrx_word' id='word_1_33' title='bbox 819 967 919 1042; x_wconf 88' lang='lat' dir='ltr'>Hem,</span> 
     </span>
     <span class='ocr_line' id='line_1_6' title="bbox 234 1068 1247 1154; baseline 0.004 -22"><span class='ocrx_word' id='word_1_34' title='bbox 234 1069 296 1133; x_wconf 81' lang='lat'>955</span> <span class='ocrx_word' id='word_1_35' title='bbox 409 1069 531 1134; x_wconf 88' lang='lat' dir='ltr'>Hicine</span> <span class='ocrx_word' id='word_1_36' title='bbox 548 1079 620 1134; x_wconf 92' lang='lat' dir='ltr'>uta</span> <span class='ocrx_word' id='word_1_37' title='bbox 636 1070 733 1133; x_wconf 91' lang='lat' dir='ltr'>nobis</span> <span class='ocrx_word' id='word_1_38' title='bbox 750 1068 813 1133; x_wconf 71' lang='lat' dir='ltr'>heic</span> <span class='ocrx_word' id='word_1_39' title='bbox 831 1080 959 1135; x_wconf 93' lang='lat' dir='ltr'>tantum</span> <span class='ocrx_word' id='word_1_40' title='bbox 977 1072 1104 1154; x_wconf 88' lang='lat' dir='ltr'>argenti</span> <span class='ocrx_word' id='word_1_41' title='bbox 1121 1070 1247 1136; x_wconf 75' lang='lat' dir='ltr'>auferat</span> 
     </span>
     <span class='ocr_line' id='line_1_7' title="bbox 406 1173 1258 1258; baseline -0.001 -20"><span class='ocrx_word' id='word_1_42' title='bbox 406 1176 491 1238; x_wconf 90' lang='lat' dir='ltr'>Tam</span> <span class='ocrx_word' id='word_1_43' title='bbox 507 1175 623 1258; x_wconf 74' lang='lat' dir='ltr'>aperte</span> <span class='ocrx_word' id='word_1_44' title='bbox 640 1175 807 1238; x_wconf 79' lang='lat' dir='ltr'>inridens?</span> <span class='ocrx_word' id='word_1_45' title='bbox 830 1175 934 1238; x_wconf 73' lang='lat' dir='ltr'>emori</span> <span class='ocrx_word' id='word_1_46' title='bbox 951 1176 1063 1239; x_wconf 90' lang='lat' dir='ltr'>hercle</span> <span class='ocrx_word' id='word_1_47' title='bbox 1079 1173 1182 1240; x_wconf 73' lang='lat' dir='ltr'>satius</span> <span class='ocrx_word' id='word_1_48' title='bbox 1198 1185 1258 1239; x_wconf 89' lang='lat' dir='ltr'>est.</span> 
     </span>
     <span class='ocr_line' id='line_1_8' title="bbox 406 1277 1105 1362; baseline -0.001 -21"><span class='ocrx_word' id='word_1_49' title='bbox 406 1277 533 1341; x_wconf 81' lang='lat' dir='ltr'>Anim6</span> <span class='ocrx_word' id='word_1_50' title='bbox 549 1279 634 1341; x_wconf 92' lang='lat' dir='ltr'>uirili</span> <span class='ocrx_word' id='word_1_51' title='bbox 651 1279 885 1361; x_wconf 76' lang='lat' dir='ltr'>praesentique</span> <span class='ocrx_word' id='word_1_52' title='bbox 902 1289 938 1342; x_wconf 92' lang='lat' dir='ltr'>ut</span> <span class='ocrx_word' id='word_1_53' title='bbox 953 1277 997 1341; x_wconf 90' lang='lat' dir='ltr'>sis</span> <span class='ocrx_word' id='word_1_54' title='bbox 1014 1300 1105 1362; x_wconf 88' lang='lat' dir='ltr'>para.</span> 
     </span>
     <span class='ocr_line' id='line_1_9' title="bbox 406 1379 1485 1465; baseline -0.005 -20"><span class='ocrx_word' id='word_1_55' title='bbox 406 1383 510 1446; x_wconf 73' lang='lat' dir='ltr'>Vides</span> <span class='ocrx_word' id='word_1_56' title='bbox 526 1393 619 1446; x_wconf 90' lang='lat' dir='ltr'>tuom</span> <span class='ocrx_word' id='word_1_57' title='bbox 636 1379 812 1465; x_wconf 73' lang='lat' dir='ltr'>peccatum</span> <span class='ocrx_word' id='word_1_58' title='bbox 830 1403 902 1445; x_wconf 89' lang='lat' dir='ltr'>esse</span> <span class='ocrx_word' id='word_1_59' title='bbox 920 1379 1042 1446; x_wconf 79' lang='lat' dir='ltr'>elatrim</span> <span class='ocrx_word' id='word_1_60' title='bbox 1059 1383 1146 1446; x_wconf 86' lang='lat' dir='ltr'>foras</span> <span class='ocrx_word' id='word_1_61' title='bbox 1454 1392 1485 1457; x_wconf 79' lang='lat'>65</span> 
     </span>
     <span class='ocr_line' id='line_1_10' title="bbox 406 1483 1231 1570; baseline 0.002 -22"><span class='ocrx_word' id='word_1_62' title='bbox 406 1486 526 1570; x_wconf 90' lang='lat' dir='ltr'>Neque</span> <span class='ocrx_word' id='word_1_63' title='bbox 543 1487 607 1549; x_wconf 91' lang='lat' dir='ltr'>iam</span> <span class='ocrx_word' id='word_1_64' title='bbox 626 1485 658 1550; x_wconf 86' lang='lat' dir='ltr'>id</span> <span class='ocrx_word' id='word_1_65' title='bbox 676 1488 784 1551; x_wconf 90' lang='lat' dir='ltr'>celare</span> <span class='ocrx_word' id='word_1_66' title='bbox 801 1483 899 1569; x_wconf 64' lang='lat' dir='ltr'>pesse</span> <span class='ocrx_word' id='word_1_67' title='bbox 915 1497 947 1550; x_wconf 89' lang='lat' dir='ltr'>te</span> <span class='ocrx_word' id='word_1_68' title='bbox 966 1487 1105 1550; x_wconf 71' lang='lat' dir='ltr'>uxorem</span> <span class='ocrx_word' id='word_1_69' title='bbox 1122 1498 1231 1560; x_wconf 90' lang='lat' dir='ltr'>tuam:</span> 
     </span>
     <span class='ocr_line' id='line_1_11' title="bbox 407 1588 1398 1674; baseline 0.003 -23"><span class='ocrx_word' id='word_1_70' title='bbox 407 1589 506 1652; x_wconf 91' lang='lat' dir='ltr'>Nunc</span> <span class='ocrx_word' id='word_1_71' title='bbox 542 1588 632 1673; x_wconf 80' lang='lat' dir='ltr'>qu6d</span> <span class='ocrx_word' id='word_1_72' title='bbox 669 1591 741 1674; x_wconf 91' lang='lat' dir='ltr'>ipsa</span> <span class='ocrx_word' id='word_1_73' title='bbox 777 1611 821 1653; x_wconf 91' lang='lat' dir='ltr'>ex</span> <span class='ocrx_word' id='word_1_74' title='bbox 855 1590 926 1654; x_wconf 87' lang='lat' dir='ltr'>aliis</span> <span class='ocrx_word' id='word_1_75' title='bbox 963 1588 1114 1654; x_wconf 76' lang='lat' dir='ltr'>auditura</span> <span class='ocrx_word' id='word_1_76' title='bbox 1144 1589 1196 1666; x_wconf 85' lang='lat' dir='ltr'>sit,</span> <span class='ocrx_word' id='word_1_77' title='bbox 1228 1590 1398 1666; x_wconf 87' lang='lat' dir='ltr'><strong>Chremes,</strong></span> 
     </span>
     <span class='ocr_line' id='line_1_12' title="bbox 408 1691 1046 1778; baseline 0.006 -23"><span class='ocrx_word' id='word_1_78' title='bbox 408 1692 448 1756; x_wconf 94' lang='lat' dir='ltr'>Id</span> <span class='ocrx_word' id='word_1_79' title='bbox 465 1691 594 1758; x_wconf 87' lang='lat' dir='ltr'>n6smet</span> <span class='ocrx_word' id='word_1_80' title='bbox 610 1692 756 1758; x_wconf 71' lang='lat' dir='ltr'>indicare</span> <span class='ocrx_word' id='word_1_81' title='bbox 774 1692 969 1778; x_wconf 84' lang='lat' dir='ltr'>placabilius</span> <span class='ocrx_word' id='word_1_82' title='bbox 987 1705 1046 1759; x_wconf 89' lang='lat' dir='ltr'>est.</span> 
     </span>
     <span class='ocr_line' id='line_1_13' title="bbox 407 1795 1257 1886; baseline 0.002 -27"><span class='ocrx_word' id='word_1_83' title='bbox 407 1797 494 1886; x_wconf 68' lang='lat' dir='ltr'>Tum</span> <span class='ocrx_word' id='word_1_84' title='bbox 512 1797 600 1860; x_wconf 89' lang='lat' dir='ltr'>hunc</span> <span class='ocrx_word' id='word_1_85' title='bbox 617 1795 808 1881; x_wconf 86' lang='lat' dir='ltr'>inpuratum</span> <span class='ocrx_word' id='word_1_86' title='bbox 826 1797 1007 1882; x_wconf 82' lang='lat' dir='ltr'>p6terimus</span> <span class='ocrx_word' id='word_1_87' title='bbox 1024 1797 1138 1862; x_wconf 67' lang='lat' dir='ltr'>nostre</span> <span class='ocrx_word' id='word_1_88' title='bbox 1155 1799 1257 1861; x_wconf 91' lang='lat' dir='ltr'>modo</span> 
     </span>
     <span class='ocr_line' id='line_1_14' title="bbox 406 1898 1486 1986; baseline 0.008 -23"><span class='ocrx_word' id='word_1_89' title='bbox 406 1898 541 1965; x_wconf 85' lang='lat' dir='ltr'>Vicisci.</span> <span class='ocrx_word' id='word_1_90' title='bbox 588 1903 650 1966; x_wconf 85' lang='lat' dir='ltr'>PH.</span> <span class='ocrx_word' id='word_1_91' title='bbox 675 1902 780 1977; x_wconf 87' lang='lat' dir='ltr'>Attat,</span> <span class='ocrx_word' id='word_1_92' title='bbox 798 1901 859 1966; x_wconf 87' lang='lat' dir='ltr'>nisi</span> <span class='ocrx_word' id='word_1_93' title='bbox 877 1905 922 1966; x_wconf 94' lang='lat' dir='ltr'>mi</span> <span class='ocrx_word' id='word_1_94' title='bbox 939 1904 1119 1986; x_wconf 92' lang='lat' dir='ltr'>prospici0,</span> <span class='ocrx_word' id='word_1_95' title='bbox 1137 1903 1269 1966; x_wconf 71' lang='lat' dir='ltr'>haereo.</span> <span class='ocrx_word' id='word_1_96' title='bbox 1320 1951 1323 1956; x_wconf 85' lang='lat'><em>-</em></span> <span class='ocrx_word' id='word_1_97' title='bbox 1455 1923 1486 1972; x_wconf 91' lang='lat'>70</span> 
     </span>
     <span class='ocr_line' id='line_1_15' title="bbox 409 2001 1230 2086; baseline 0.002 -20"><span class='ocrx_word' id='word_1_98' title='bbox 409 2003 455 2066; x_wconf 91' lang='lat' dir='ltr'>Hi</span> <span class='ocrx_word' id='word_1_99' title='bbox 473 2001 670 2086; x_wconf 71' lang='lat' dir='ltr'>gladiatorio</span> <span class='ocrx_word' id='word_1_100' title='bbox 688 2003 799 2069; x_wconf 72' lang='lat' dir='ltr'>animo</span> <span class='ocrx_word' id='word_1_101' title='bbox 817 2008 858 2070; x_wconf 90' lang='lat' dir='ltr'>ad</span> <span class='ocrx_word' id='word_1_102' title='bbox 875 2028 928 2070; x_wconf 92' lang='lat' dir='ltr'>me</span> <span class='ocrx_word' id='word_1_103' title='bbox 945 2005 1113 2071; x_wconf 70' lang='lat' dir='ltr'>adfectant</span> <span class='ocrx_word' id='word_1_104' title='bbox 1131 2009 1230 2070; x_wconf 89' lang='lat' dir='ltr'>uiam.</span> 
     </span>
     <span class='ocr_line' id='line_1_16' title="bbox 235 2106 1529 2194; baseline 0.005 -26"><span class='ocrx_word' id='word_1_105' title='bbox 235 2106 296 2169; x_wconf 83' lang='lat'>965</span> <span class='ocrx_word' id='word_1_106' title='bbox 322 2106 389 2172; x_wconf 86' lang='lat' dir='ltr'>CH.</span> <span class='ocrx_word' id='word_1_107' title='bbox 410 2108 459 2173; x_wconf 85' lang='lat' dir='ltr'>At</span> <span class='ocrx_word' id='word_1_108' title='bbox 474 2109 593 2171; x_wconf 78' lang='lat' dir='ltr'>uereor</span> <span class='ocrx_word' id='word_1_109' title='bbox 614 2119 651 2172; x_wconf 91' lang='lat' dir='ltr'>ut</span> <span class='ocrx_word' id='word_1_110' title='bbox 674 2107 798 2192; x_wconf 74' lang='lat' dir='ltr'>placari</span> <span class='ocrx_word' id='word_1_111' title='bbox 825 2112 940 2194; x_wconf 89' lang='lat' dir='ltr'>possit.</span> <span class='ocrx_word' id='word_1_112' title='bbox 986 2113 1052 2176; x_wconf 79' lang='lat' dir='ltr'>DE.</span> <span class='ocrx_word' id='word_1_113' title='bbox 1085 2109 1179 2174; x_wconf 81' lang='grc' dir='ltr'><strong>Βόηο</strong></span> <span class='ocrx_word' id='word_1_114' title='bbox 1203 2112 1314 2174; x_wconf 90' lang='lat' dir='ltr'>animo</span> <span class='ocrx_word' id='word_1_115' title='bbox 1341 2132 1393 2174; x_wconf 92' lang='lat' dir='ltr'>es:</span> <span class='ocrx_word' id='word_1_116' title='bbox 1526 2116 1529 2120; x_wconf 75' lang='grc'>’</span> 
     </span>
     <span class='ocr_line' id='line_1_17' title="bbox 408 2210 1397 2295; baseline 0.005 -22"><span class='ocrx_word' id='word_1_117' title='bbox 408 2210 485 2293; x_wconf 89' lang='lat' dir='ltr'>Ego</span> <span class='ocrx_word' id='word_1_118' title='bbox 509 2213 658 2295; x_wconf 73' lang='lat' dir='ltr'>redigam</span> <span class='ocrx_word' id='word_1_119' title='bbox 682 2234 744 2276; x_wconf 92' lang='lat' dir='ltr'>uos</span> <span class='ocrx_word' id='word_1_120' title='bbox 768 2215 800 2276; x_wconf 96' lang='lat' dir='ltr'>in</span> <span class='ocrx_word' id='word_1_121' title='bbox 825 2211 974 2295; x_wconf 67' lang='lat' dir='ltr'>gratiam,</span> <span class='ocrx_word' id='word_1_122' title='bbox 999 2215 1066 2278; x_wconf 91' lang='lat' dir='ltr'>hoc</span> <span class='ocrx_word' id='word_1_123' title='bbox 1090 2213 1201 2291; x_wconf 76' lang='lat' dir='ltr'>frenis,</span> <span class='ocrx_word' id='word_1_124' title='bbox 1226 2216 1397 2290; x_wconf 90' lang='lat' dir='ltr'>Chremes,</span> 
     </span>
     <span class='ocr_line' id='line_1_18' title="bbox 409 2314 1399 2404; baseline 0.006 -26"><span class='ocrx_word' id='word_1_125' title='bbox 409 2314 524 2397; x_wconf 85' lang='lat' dir='ltr'>Quom</span> <span class='ocrx_word' id='word_1_126' title='bbox 565 2337 583 2380; x_wconf 93' lang='lat' dir='ltr'>e</span> <span class='ocrx_word' id='word_1_127' title='bbox 625 2317 736 2380; x_wconf 74' lang='lat' dir='ltr'>medio</span> <span class='ocrx_word' id='word_1_128' title='bbox 776 2318 921 2382; x_wconf 87' lang='lat' dir='ltr'>excessit</span> <span class='ocrx_word' id='word_1_129' title='bbox 961 2316 1050 2384; x_wconf 71' lang='lat' dir='ltr'>unde</span> <span class='ocrx_word' id='word_1_130' title='bbox 1089 2320 1172 2384; x_wconf 89' lang='lat' dir='ltr'>haec</span> <span class='ocrx_word' id='word_1_131' title='bbox 1211 2318 1399 2404; x_wconf 69' lang='lat' dir='ltr'>susceptast</span> 
     </span>
     <span class='ocr_line' id='line_1_19' title="bbox 473 2420 543 2483; baseline 0 -1"><span class='ocrx_word' id='word_1_132' title='bbox 473 2420 543 2483; x_wconf 92' lang='lat' dir='ltr'>tibi.</span> 
     </span>
     <span class='ocr_line' id='line_1_20' title="bbox 321 2521 1485 2610; baseline 0.005 -24"><span class='ocrx_word' id='word_1_133' title='bbox 321 2523 384 2588; x_wconf 86' lang='grc' dir='ltr'>ΡΗ.</span> <span class='ocrx_word' id='word_1_134' title='bbox 409 2523 483 2586; x_wconf 91' lang='lat' dir='ltr'>Itan</span> <span class='ocrx_word' id='word_1_135' title='bbox 499 2521 595 2605; x_wconf 72' lang='lat' dir='ltr'>agitis</span> <span class='ocrx_word' id='word_1_136' title='bbox 613 2530 766 2588; x_wconf 80' lang='lat' dir='ltr'>mecum?</span> <span class='ocrx_word' id='word_1_137' title='bbox 790 2521 868 2589; x_wconf 69' lang='lat' dir='ltr'>sitis</span> <span class='ocrx_word' id='word_1_138' title='bbox 885 2536 992 2590; x_wconf 90' lang='lat' dir='ltr'>astute</span> <span class='ocrx_word' id='word_1_139' title='bbox 1009 2527 1237 2610; x_wconf 71' lang='lat' dir='ltr'>adgredimini.</span> <span class='ocrx_word' id='word_1_140' title='bbox 1455 2551 1485 2602; x_wconf 81' lang='lat'>75</span> 
     </span>
     <span class='ocr_line' id='line_1_21' title="bbox 409 2627 1290 2716; baseline 0.009 -26"><span class='ocrx_word' id='word_1_141' title='bbox 409 2628 485 2694; x_wconf 92' lang='lat' dir='ltr'>Non</span> <span class='ocrx_word' id='word_1_142' title='bbox 502 2627 611 2690; x_wconf 75' lang='lat' dir='ltr'>hercle</span> <span class='ocrx_word' id='word_1_143' title='bbox 628 2649 672 2691; x_wconf 91' lang='lat' dir='ltr'>ex</span> <span class='ocrx_word' id='word_1_144' title='bbox 688 2650 722 2691; x_wconf 91' lang='lat' dir='ltr'>re</span> <span class='ocrx_word' id='word_1_145' title='bbox 739 2629 833 2692; x_wconf 91' lang='lat' dir='ltr'>istius</span> <span class='ocrx_word' id='word_1_146' title='bbox 850 2651 903 2692; x_wconf 87' lang='lat' dir='ltr'>me</span> <span class='ocrx_word' id='word_1_147' title='bbox 919 2629 1092 2714; x_wconf 84' lang='lat' dir='ltr'>instigasti,</span> <span class='ocrx_word' id='word_1_148' title='bbox 1109 2634 1290 2716; x_wconf 72' lang='lat' dir='ltr'>Demiph0.</span> 
     </span>
     <span class='ocr_line' id='line_1_22' title="bbox 235 2729 1296 2819; baseline 0.007 -25"><span class='ocrx_word' id='word_1_149' title='bbox 235 2730 297 2797; x_wconf 86' lang='lat'>970</span> <span class='ocrx_word' id='word_1_150' title='bbox 407 2731 476 2794; x_wconf 89' lang='lat' dir='ltr'>Ain</span> <span class='ocrx_word' id='word_1_151' title='bbox 493 2739 551 2795; x_wconf 89' lang='lat' dir='ltr'>tu?</span> <span class='ocrx_word' id='word_1_152' title='bbox 575 2729 632 2795; x_wconf 77' lang='lat' dir='ltr'>tibi</span> <span class='ocrx_word' id='word_1_153' title='bbox 648 2753 734 2815; x_wconf 88' lang='lat' dir='ltr'>quae</span> <span class='ocrx_word' id='word_1_154' title='bbox 750 2733 892 2797; x_wconf 89' lang='lat' dir='ltr'>lubitum</span> <span class='ocrx_word' id='word_1_155' title='bbox 910 2732 1007 2800; x_wconf 80' lang='lat' dir='ltr'>sterit</span> <span class='ocrx_word' id='word_1_156' title='bbox 1024 2758 1163 2819; x_wconf 84' lang='lat' dir='ltr'>peregre</span> <span class='ocrx_word' id='word_1_157' title='bbox 1180 2738 1296 2801; x_wconf 78' lang='lat' dir='ltr'>feceris</span> 
     </span>
     <span class='ocr_line' id='line_1_23' title="bbox 407 2834 1204 2924; baseline 0.009 -26"><span class='ocrx_word' id='word_1_158' title='bbox 407 2835 528 2918; x_wconf 90' lang='lat' dir='ltr'>Neque</span> <span class='ocrx_word' id='word_1_159' title='bbox 545 2834 642 2899; x_wconf 85' lang='lat' dir='ltr'>huius</span> <span class='ocrx_word' id='word_1_160' title='bbox 658 2837 701 2899; x_wconf 92' lang='lat' dir='ltr'>sis</span> <span class='ocrx_word' id='word_1_161' title='bbox 719 2837 843 2901; x_wconf 91' lang='lat' dir='ltr'>ueritus</span> <span class='ocrx_word' id='word_1_162' title='bbox 859 2837 1001 2902; x_wconf 78' lang='lat' dir='ltr'>feminae</span> <span class='ocrx_word' id='word_1_163' title='bbox 1018 2840 1204 2924; x_wconf 70' lang='lat' dir='ltr'>primariae,</span> 
     </span>
     <span class='ocr_line' id='line_1_24' title="bbox 408 2937 1180 3021; baseline 0.009 -20"><span class='ocrx_word' id='word_1_164' title='bbox 408 2938 499 3021; x_wconf 82' lang='lat' dir='ltr'>Quin</span> <span class='ocrx_word' id='word_1_165' title='bbox 517 2937 605 3002; x_wconf 72' lang='lat' dir='ltr'>nriuo</span> <span class='ocrx_word' id='word_1_166' title='bbox 623 2941 725 3003; x_wconf 91' lang='lat' dir='ltr'>modo</span> <span class='ocrx_word' id='word_1_167' title='bbox 742 2953 774 3003; x_wconf 84' lang='lat' dir='ltr'>et</span> <span class='ocrx_word' id='word_1_168' title='bbox 790 2939 914 3006; x_wconf 73' lang='lat' dir='ltr'>faceres</span> <span class='ocrx_word' id='word_1_169' title='bbox 932 2947 1180 3020; x_wconf 72' lang='lat' dir='ltr'>contumeliam,</span> 
     </span>
     <span class='ocr_line' id='line_1_25' title="bbox 406 3041 1485 3131; baseline 0.01 -26"><span class='ocrx_word' id='word_1_170' title='bbox 406 3041 530 3106; x_wconf 70' lang='lat' dir='ltr'>Venias</span> <span class='ocrx_word' id='word_1_171' title='bbox 547 3064 634 3107; x_wconf 92' lang='lat' dir='ltr'>nunc</span> <span class='ocrx_word' id='word_1_172' title='bbox 651 3045 806 3128; x_wconf 91' lang='lat' dir='ltr'>precibus</span> <span class='ocrx_word' id='word_1_173' title='bbox 823 3045 951 3111; x_wconf 78' lang='lat' dir='ltr'>latitum</span> <span class='ocrx_word' id='word_1_174' title='bbox 968 3047 1143 3131; x_wconf 76' lang='lat' dir='ltr'>peccatum</span> <span class='ocrx_word' id='word_1_175' title='bbox 1159 3056 1276 3114; x_wconf 88' lang='lat' dir='ltr'>tuom?</span> <span class='ocrx_word' id='word_1_176' title='bbox 1454 3058 1485 3108; x_wconf 83' lang='lat'>80</span> 
     </span>
     <span class='ocr_line' id='line_1_26' title="bbox 406 3147 1252 3229; baseline 0.011 -21"><span class='ocrx_word' id='word_1_177' title='bbox 406 3147 510 3209; x_wconf 90' lang='lat' dir='ltr'>Hisce</span> <span class='ocrx_word' id='word_1_178' title='bbox 527 3148 591 3229; x_wconf 76' lang='lat' dir='ltr'>ego</span> <span class='ocrx_word' id='word_1_179' title='bbox 609 3148 698 3212; x_wconf 91' lang='lat' dir='ltr'>illam</span> <span class='ocrx_word' id='word_1_180' title='bbox 715 3149 812 3213; x_wconf 87' lang='lat' dir='ltr'>dictis</span> <span class='ocrx_word' id='word_1_181' title='bbox 829 3149 873 3215; x_wconf 87' lang='lat' dir='ltr'>ita</span> <span class='ocrx_word' id='word_1_182' title='bbox 889 3151 950 3215; x_wconf 88' lang='lat' dir='ltr'>tibi</span> <span class='ocrx_word' id='word_1_183' title='bbox 966 3151 1136 3216; x_wconf 75' lang='lat' dir='ltr'>incensam</span> <span class='ocrx_word' id='word_1_184' title='bbox 1152 3153 1252 3229; x_wconf 82' lang='lat' dir='ltr'>dabo,</span> 
     </span>
     <span class='ocr_line' id='line_1_27' title="bbox 234 3250 1167 3333; baseline 0.008 -19"><span class='ocrx_word' id='word_1_185' title='bbox 234 3250 296 3316; x_wconf 85' lang='lat'>975</span> <span class='ocrx_word' id='word_1_186' title='bbox 403 3250 453 3318; x_wconf 86' lang='lat' dir='ltr'>-Vt</span> <span class='ocrx_word' id='word_1_187' title='bbox 470 3251 510 3313; x_wconf 76' lang='lat' dir='ltr'>ne</span> <span class='ocrx_word' id='word_1_188' title='bbox 527 3252 721 3333; x_wconf 86' lang='lat' dir='ltr'>restinguas,</span> <span class='ocrx_word' id='word_1_189' title='bbox 739 3251 894 3318; x_wconf 70' lang='lat' dir='ltr'>lacrumis</span> <span class='ocrx_word' id='word_1_190' title='bbox 911 3257 937 3319; x_wconf 93' lang='lat' dir='ltr'>si</span> <span class='ocrx_word' id='word_1_191' title='bbox 955 3255 1167 3321; x_wconf 75' lang='lat' dir='ltr'>extillaneris</span> 
     </span>
     <span class='ocr_line' id='line_1_28' title="bbox 320 3349 1227 3447; baseline 0.008 -29"><span class='ocrx_word' id='word_1_192' title='bbox 320 3355 387 3419; x_wconf 83' lang='lat' dir='ltr'>DE.</span> <span class='ocrx_word' id='word_1_193' title='bbox 412 3349 559 3436; x_wconf 89' lang='lat' dir='ltr'>[Malum</span> <span class='ocrx_word' id='word_1_194' title='bbox 576 3357 667 3438; x_wconf 91' lang='lat' dir='ltr'>quod</span> <span class='ocrx_word' id='word_1_195' title='bbox 685 3357 737 3420; x_wconf 90' lang='lat' dir='ltr'>isti</span> <span class='ocrx_word' id='word_1_196' title='bbox 753 3358 787 3420; x_wconf 94' lang='lat' dir='ltr'>di</span> <span class='ocrx_word' id='word_1_197' title='bbox 804 3359 955 3442; x_wconf 90' lang='lat' dir='ltr'>deaeque</span> <span class='ocrx_word' id='word_1_198' title='bbox 971 3381 1088 3423; x_wconf 89' lang='lat' dir='ltr'>omnes</span> <span class='ocrx_word' id='word_1_199' title='bbox 1104 3358 1227 3447; x_wconf 76' lang='lat' dir='ltr'>duint]</span> 
     </span>
     <span class='ocr_line' id='line_1_29' title="bbox 406 3455 1399 3546; baseline 0.01 -26"><span class='ocrx_word' id='word_1_200' title='bbox 406 3455 557 3521; x_wconf 66' lang='lat' dir='ltr'>Tantane</span> <span class='ocrx_word' id='word_1_201' title='bbox 591 3459 760 3524; x_wconf 85' lang='lat' dir='ltr'>adfectum</span> <span class='ocrx_word' id='word_1_202' title='bbox 795 3463 999 3546; x_wconf 75' lang='lat' dir='ltr'>quemquam</span> <span class='ocrx_word' id='word_1_203' title='bbox 1033 3485 1105 3527; x_wconf 89' lang='lat' dir='ltr'>esse</span> <span class='ocrx_word' id='word_1_204' title='bbox 1140 3464 1311 3529; x_wconf 89' lang='lat' dir='ltr'>hominem</span> <span class='ocrx_word' id='word_1_205' title='bbox 1346 3487 1399 3530; x_wconf 89' lang='lat' dir='ltr'>au-</span> 
     </span>
     <span class='ocr_line' id='line_1_30' title="bbox 474 3560 587 3626; baseline 0.009 -1"><span class='ocrx_word' id='word_1_206' title='bbox 474 3560 587 3626; x_wconf 68' lang='lat' dir='ltr'>dacia!</span> 
     </span>
     <span class='ocr_line' id='line_1_31' title="bbox 407 3664 1485 3756; baseline 0.009 -27"><span class='ocrx_word' id='word_1_207' title='bbox 407 3666 486 3729; x_wconf 93' lang='lat' dir='ltr'>Non</span> <span class='ocrx_word' id='word_1_208' title='bbox 503 3664 566 3730; x_wconf 69' lang='lat' dir='ltr'>huc</span> <span class='ocrx_word' id='word_1_209' title='bbox 583 3669 763 3750; x_wconf 86' lang='lat' dir='ltr'>publicitus</span> <span class='ocrx_word' id='word_1_210' title='bbox 779 3670 886 3734; x_wconf 71' lang='lat' dir='ltr'>scelus</span> <span class='ocrx_word' id='word_1_211' title='bbox 902 3670 980 3735; x_wconf 91' lang='lat' dir='ltr'>hinc</span> <span class='ocrx_word' id='word_1_212' title='bbox 996 3670 1195 3756; x_wconf 68' lang='lat' dir='ltr'>asportarier</span> <span class='ocrx_word' id='word_1_213' title='bbox 1454 3684 1485 3750; x_wconf 84' lang='lat'>85</span> 
     </span>
     <span class='ocr_line' id='line_1_32' title="bbox 408 3759 1247 3852; baseline 0.011 -20"><span class='ocrx_word' id='word_1_214' title='bbox 408 3770 448 3833; x_wconf 95' lang='lat' dir='ltr'>In</span> <span class='ocrx_word' id='word_1_215' title='bbox 464 3768 551 3834; x_wconf 69' lang='lat' dir='ltr'>sulas</span> <span class='ocrx_word' id='word_1_216' title='bbox 567 3773 689 3836; x_wconf 89' lang='lat' dir='ltr'>terras!</span> <span class='ocrx_word' id='word_1_217' title='bbox 716 3772 782 3837; x_wconf 88' lang='lat' dir='ltr'>CH.</span> <span class='ocrx_word' id='word_1_218' title='bbox 808 3759 847 3836; x_wconf 79' lang='lat' dir='ltr'>in</span> <span class='ocrx_word' id='word_1_219' title='bbox 864 3776 896 3838; x_wconf 92' lang='lat' dir='ltr'>id</span> <span class='ocrx_word' id='word_1_220' title='bbox 913 3776 1067 3840; x_wconf 89' lang='lat' dir='ltr'>redactus</span> <span class='ocrx_word' id='word_1_221' title='bbox 1084 3775 1157 3840; x_wconf 76' lang='lat' dir='ltr'>siim</span> <span class='ocrx_word' id='word_1_222' title='bbox 1174 3778 1247 3852; x_wconf 91' lang='lat' dir='ltr'>loci,</span> 
     </span>
     <span class='ocr_line' id='line_1_33' title="bbox 406 3874 1398 3964; baseline 0.009 -27"><span class='ocrx_word' id='word_1_223' title='bbox 406 3874 454 3940; x_wconf 93' lang='lat' dir='ltr'>Vt</span> <span class='ocrx_word' id='word_1_224' title='bbox 484 3874 565 3958; x_wconf 89' lang='lat' dir='ltr'>quid</span> <span class='ocrx_word' id='word_1_225' title='bbox 597 3897 695 3958; x_wconf 93' lang='lat' dir='ltr'>agam</span> <span class='ocrx_word' id='word_1_226' title='bbox 726 3897 804 3940; x_wconf 90' lang='lat' dir='ltr'>cunr</span> <span class='ocrx_word' id='word_1_227' title='bbox 835 3877 891 3942; x_wconf 93' lang='lat' dir='ltr'>illo</span> <span class='ocrx_word' id='word_1_228' title='bbox 923 3880 1068 3944; x_wconf 78' lang='lat' dir='ltr'>nesciam</span> <span class='ocrx_word' id='word_1_229' title='bbox 1108 3885 1282 3964; x_wconf 52' lang='lat' dir='ltr'>prorsum(</span> <span class='ocrx_word' id='word_1_230' title='bbox 1334 3882 1398 3946; x_wconf 85' lang='lat' dir='ltr'>Dn.</span> 
     </span>
     <span class='ocr_line' id='line_1_34' title="bbox 476 3967 656 4061; baseline 0.011 -19"><span class='ocrx_word' id='word_1_231' title='bbox 476 3967 551 4061; x_wconf 82' lang='lat' dir='ltr'>Ego</span> <span class='ocrx_word' id='word_1_232' title='bbox 568 3981 656 4044; x_wconf 91' lang='lat' dir='ltr'>scio:</span> 
     </span>
     <span class='ocr_line' id='line_1_35' title="bbox 410 4069 1274 4172; baseline 0.006 -27"><span class='ocrx_word' id='word_1_233' title='bbox 410 4084 448 4147; x_wconf 95' lang='lat' dir='ltr'>In</span> <span class='ocrx_word' id='word_1_234' title='bbox 465 4081 514 4146; x_wconf 75' lang='lat' dir='ltr'>itis</span> <span class='ocrx_word' id='word_1_235' title='bbox 531 4105 655 4149; x_wconf 88' lang='lat' dir='ltr'>eamus.</span> <span class='ocrx_word' id='word_1_236' title='bbox 700 4085 763 4149; x_wconf 83' lang='lat' dir='ltr'>PH.</span> <span class='ocrx_word' id='word_1_237' title='bbox 789 4069 827 4148; x_wconf 75' lang='lat' dir='ltr'>in</span> <span class='ocrx_word' id='word_1_238' title='bbox 844 4086 916 4150; x_wconf 86' lang='lat' dir='ltr'>ius?</span> <span class='ocrx_word' id='word_1_239' title='bbox 939 4087 1015 4163; x_wconf 88' lang='lat' dir='ltr'>huc,</span> <span class='ocrx_word' id='word_1_240' title='bbox 1032 4089 1059 4151; x_wconf 94' lang='lat' dir='ltr'>si</span> <span class='ocrx_word' id='word_1_241' title='bbox 1076 4087 1155 4172; x_wconf 85' lang='lat' dir='ltr'>quid</span> <span class='ocrx_word' id='word_1_242' title='bbox 1172 4089 1274 4153; x_wconf 90' lang='lat' dir='ltr'>lubet.</span> 
     </span>
     <span class='ocr_line' id='line_1_36' title="bbox 323 4186 1274 4272; baseline 0.006 -21"><span class='ocrx_word' id='word_1_243' title='bbox 323 4187 390 4252; x_wconf 84' lang='lat' dir='ltr'>CH.</span> <span class='ocrx_word' id='word_1_244' title='bbox 412 4187 620 4270; x_wconf 76' lang='lat' dir='ltr'>Adsequere,</span> <span class='ocrx_word' id='word_1_245' title='bbox 638 4189 751 4264; x_wconf 91' lang='lat' dir='ltr'>retine,</span> <span class='ocrx_word' id='word_1_246' title='bbox 768 4186 848 4253; x_wconf 86' lang='lat' dir='ltr'>d1&#39;1m</span> <span class='ocrx_word' id='word_1_247' title='bbox 865 4211 929 4272; x_wconf 89' lang='lat' dir='ltr'>ego</span> <span class='ocrx_word' id='word_1_248' title='bbox 945 4190 1011 4254; x_wconf 92' lang='lat' dir='ltr'>huc</span> <span class='ocrx_word' id='word_1_249' title='bbox 1028 4213 1142 4256; x_wconf 86' lang='lat' dir='ltr'>seruos</span> <span class='ocrx_word' id='word_1_250' title='bbox 1158 4194 1274 4257; x_wconf 74' lang='lat' dir='ltr'>euoco,</span> 
     </span>
    </p>
   </div>
   <div class='ocr_carea' id='block_1_3' title="bbox 0 0 1711 5100">
    <p class='ocr_par' dir='ltr' id='par_1_3' title="bbox 0 0 1711 5100">
     <span class='ocr_line' id='line_1_37' title="bbox 0 0 1711 5100; baseline 0 0"><span class='ocrx_word' id='word_1_251' title='bbox 0 0 1711 5100; x_wconf 95' lang='lat' dir='ltr'> </span> 
     </span>
    </p>
   </div>
  </div>
 </body>
</html>
